3450 5820
350 505 424 574 354
792 521 1068 572 anstrannum
1088 519 1170 570 rou.
1186 519 1230 568 111

343 625 685 635 ————-—-—
843 626 901 630 --
917 623 1033 628 ———..

345 697 542 756 Pestiuensis
586 697 721 772 Utraque
749 695 840 754 editio
867 715 934 752 eum
962 694 1051 752 SImul
1075 694 1226 771 prodierit,
1259 694 1293 749 in
1320 691 1528 768 Hungarica
1548 692 1692 768 posteriore

342 813 475 876 tempore
497 799 638 858 absoluta
661 797 805 875 Corporis
828 799 965 856 volumen
989 797 1107 855 tertium
1143 805 1286 873 perpetuo
1317 795 1513 854 adhibitum
1537 804 1599 862 est;
1630 795 1693 870 quoi

342 922 408 961 cum
433 907 463 960 in
487 900 607 960 Gallica
629 901 739 960 factum
762 921 822 960 non
844 911 939 972 esset,
967 899 1145 974 Desjardins
1168 897 1298 956 Parisiis
1326 898 1490 974 syllogae
1516 898 1597 956 illius
1617 899 1692 972 epita

341 1024 408 1064 men
444 1004 538 1062 edidit
571 1006 626 1063 sub
660 1005 747 1062 titulo
769 1005 944 1062 Desiderato
978 1003 1016 1060 dn
1041 1003 1070 1061 C.
1094 1003 1120 1058 Ι.
1145 999 1182 1057 L.
1205 999 1239 1074 (t.
1262 999 1349 1074 III).
1401 1000 1457 1058 Le
1482 1002 1580 1058 moade
1601 1000 1691 1076 c'pipru-

338 1108 447 1182 pln'qne
470 1109 505 1165 de
526 1105 596 1166 Pen
621 1106 762 1182 (Parisiis
788 1107 867 1164 1874
899 1125 949 1182 pp.
974 1103 1026 1180 32)
1061 1111 1191 1180 aptatam
1224 1103 1261 1160 ad
1299 1101 1438 1180 Corpus
1475 1103 1689 1178 inscriptionum

341 1210 398 1280 ita,
433 1219 464 1267 ut
494 1209 590 1285 primo
620 1210 716 1284 capite
749 1208 1039 1284 comprehendantur
1071 1205 1150 1264 tituli
1184 1207 1213 1262 in
1242 1203 1390 1281 Corpore
1432 1207 1553 1264 omissi
1587 1223 1689 1264 numero

340 1310 487 1382 LXXVI,
510 1311 602 1370 altero
626 1311 704 1368 tituli
727 1330 786 1368 nou
809 1321 887 1367 recte
910 1310 951 1368 ibi
973 1309 1057 1366 relati
1079 1325 1202 1366 numero
1217 1305 1286 1378 LII,
1312 1308 1414 1366 tertio
1441 1307 1592 1366 lectionis
1613 1308 1688 1364 direr-

341 1432 408 1486 sue,
431 1414 483 1471 sed
506 1413 613 1472 dubiae
640 1432 763 1471 numero
786 1411 942 1484 XXXVI,
970 1419 1076 1487 quarto
1103 1410 1179 1468 tituli
1207 1410 1304 1467 musei
1336 1410 1368 1465 in
1405 1407 1558 1488 Corpore
1586 1411 1686 1486 quiden

341 1536 438 1593 neque
462 1527 559 1574 tamen
581 1515 660 1592 apud
687 1513 914 1590 Desjardinium
938 1512 1024 1572 relati
1051 1532 1174 1571 numero
1196 1511 1300 1569 XXX.
1349 1513 1464 1584 Ainei,
1490 1511 1685 1588 Desjardiuius

341 1620 392 1688 ait,
415 1638 466 1678 aar
486 1617 546 1676 336
568 1628 741 1676 incramenta
768 1621 818 1692 qni
845 1625 1005 1692 computent
1033 1617 1062 1674 la
1091 1615 1235 1674 collection
1262 1615 1493 1692 dpiprapln'qae
1517 1621 1641 1674 romciue
1657 1617 1684 1670 du

340 1721 441 1778 Muec'c
461 1720 594 1778 nollonal
615 1723 649 1777 de
668 1721 734 1778 Pctt
748 1753 788 1762 -
805 1729 830 1776 et
851 1722 902 1794 qai
923 1719 966 1792 t’p
989 1723 1146 1776 noueaient
1168 1727 1230 1774 tona
1252 1717 1354 1774 rionis
1378 1736 1427 1774 au
1451 1723 1532 1777 moia
1556 1722 1592 1776 de
1605 1719 1683 1792 juillet

339 1824 423 1893 1871,
444 1823 643 1880 e’ett·d-dire
666 1825 738 1880 clear
759 1841 812 1880 ant
835 1832 923 1879 arant
946 1821 974 1878 la
993 1819 1176 1896 publication
1193 1821 1231 1876 dn
1253 1817 1309 1875 HI
1312 1823 1348 1851 '¹¹‘
1375 1822 1503 1879 volume
1523 1823 1566 1878 dn
1586 1820 1682 1896 Corpus

341 1927 376 1982 de
397 1925 510 1996 Berlin,
545 1937 570 1982 et
602 1924 672 2000 qa’il
704 1927 772 1982 ituit
798 1925 900 1999 socile,
934 1943 967 1981 en
989 1924 1184 1998 consequence,
1218 1919 1361 1994 d'ojonter
1384 1941 1456 1979 aar
1481 1924 1628 1982 Addendu
1645 1925 1682 1998 pri

340 2031 486 2085 terminent
508 2027 538 2084 la
560 2029 677 2085 seconde
695 2031 790 2103 partie
812 2027 846 2083 de
871 2043 900 2084 ce
921 2027 1030 2084 volume
1045 2057 1083 2066 —
1099 2025 1123 2080 il
1143 2045 1161 2100 p
1184 2042 1217 2080 en
1238 2023 1354 2092 (2164,
1392 2023 1591 2084 σἐει-ὰ-ἀίνο
1616 2045 1679 2102 pret·

339 2149 392 2205 que
415 2129 445 2186 la
465 2130 567 2200 moitid,
595 2133 645 2204 qni
667 2141 715 2187 ont
736 2129 778 2186 e'te'
799 2133 867 2186 untia
890 2148 925 2186 on
947 2128 1006 2185 ntal
1027 2129 1080 2185 las.
1125 2125 1211 2184 Hauc
1238 2126 1481 2186 accusationem
1518 2129 1601 2205 quod
1621 2127 1678 2185 retu

338 2232 459 2290 tandum
494 2250 561 2290 esse
594 2231 681 2304 duxi,
713 2231 825 2289 factum
859 2237 906 2288 eet
937 2249 1033 2305 neque
1062 2235 1187 2312 propter·
1219 2227 1378 2286 criminum
1419 2232 1566 2306 speciem
1602 2249 1677 2304 neque

338 2345 461 2411 propter
482 2335 665 2392 accusatoris
687 2334 882 2412 gravitatem
905 2333 957 2390 sed
979 2351 1056 2407 quae
1089 2332 1224 2408 privatus
1244 2339 1323 2387 recte
1348 2330 1483 2391 silentio
1509 2334 1676 2392 transmittit

338 2437 412 2495 mihi
435 2436 553 2513 publice
581 2436 637 2492 hac
659 2455 731 2493 eura
752 2435 886 2513 fungenti
909 2455 968 2494 uon
990 2435 1087 2492 visum
1110 2445 1157 2492 est
1179 2451 1317 2510 spernere
1342 2433 1455 2494 licere.
1505 2435 1615 2494 Dicam
1634 2435 1675 2510 igi·

338 2549 395 2609 tur,
418 2538 498 2613 quod
521 2558 624 2596 verum
647 2551 703 2610 est,
725 2538 854 2596 breviter
875 2523 1026 2595 tamen'et
1047 2544 1178 2594 coactus.

380 2640 429 2699 De
450 2661 575 2699 numero
597 2639 649 2698 illo
671 2641 898 2716 inscriptionum
921 2639 1097 2698 omissurum
1117 2637 1375 2714 'corruptarumve
1397 2641 1543 2716 primurn
1568 2642 1674 2700 deduce

338 2762 405 2803 mus
433 2745 500 2820 ipso
528 2743 721 2817 Desjardiuio
750 2753 870 2800 auctore
897 2743 1015 2800 tertium
1043 2751 1133 2819 eaput
1159 2740 1390 2816 inscriptionum
1428 2743 1595 2814 XXXV13
1621 2761 1674 2801 nau

338 2865 416 2922 quus
438 2865 494 2905 suo
516 2845 583 2904 loco
606 2845 712 2904 dubiae
733 2845 869 2904 lectionis
892 2863 959 2903 esse
987 2845 1144 2921 profitetur
1166 2845 1253 2902 homo
1275 2861 1400 2924 suarum
1430 2847 1593 2906 visionum
1612 2859 1674 2903 certe

337 2949 500 3008 benevolus
522 2948 658 3024 iudexl),
681 2967 747 3006 cum
770 2950 801 3006 in
817 2948 1001 3024 praefatione
1024 2955 1157 3006 numeret
1178 2947 1254 3004 iuter
1269 2947 1348 3004 male
1371 2947 1478 3018 lectas
1504 2969 1523 3007 a
1539 2971 1598 3022 me,
1618 2947 1673 3024 quid

338 3051 418 3110 aliud
446 3052 664 3110 demonstravit
695 3070 784 3126 quam
819 3051 955 3109 fiduciam
990 3050 1278 3127 impudentIssimam
1313 3066 1348 3106 se
1382 3051 1507 3110 habere
1542 3059 1574 3110 in
1605 3049 1671 3109 breti
1703 3086 1704 3089 =

337 3154 500 3230 legentium
523 3156 667 3214 memoria
690 3153 852 3230 repositam
875 3171 1075 3229 magnumque
1099 3171 1131 3210 se
1154 3169 1221 3210 esse
1243 3153 1273 3209 in
1298 3159 1363 3209 arte
1387 3169 1471 3212 sane
1493 3156 1565 3213 utili
1588 3173 1672 3213 nume

337 3275 437 3315 rorum
453 3257 607 3315 commode
630 3255 884 3315 ordinandorum?
908 3255 966 3315 Sed
990 3257 1045 3314 hoc
1067 3255 1133 3314 leve
1155 3263 1210 3312 est.

380 3359 415 3416 Iu
439 3360 566 3435 primam
589 3359 715 3418 classem
740 3359 938 3434 (inscriptions
961 3363 1060 3416 onritee
1081 3359 1155 3416 dans
1179 3357 1204 3414 lc
1221 3357 1346 3432 Corpus)
1371 3376 1445 3415 eum
1471 3361 1622 3418 rettulerit
1640 3361 1671 3416 iu·

338 3461 516 3537 scriptiones
549 3481 671 3520 numero
694 3460 842 3531 LXXVI,
876 3461 981 3518 harum
1014 3461 1109 3518 maior
1132 3477 1211 3535 pare,
1240 3477 1346 3533 nempe
1370 3458 1433 3515 XL
1460 3463 1585 3541 tegulae
1606 3469 1669 3526 suut,

336 3566 480 3642 pondera,
504 3565 670 3640 signacula,
693 3562 831 3640 patellae.
875 3563 1038 3621 Videamus
1062 3563 1190 3638 primum
1213 3563 1249 3619 de
1277 3560 1386 3632 titulis,
1421 3579 1509 3638 quos
1544 3585 1599 3624 nos
1629 3583 1668 3620 uu

336 3667 426 3726 merie
443 3666 587 3746 augendis
604 3670 702 3724 minus
725 3666 830 3724 intenti
854 3666 937 3724 solos
953 3685 991 3723 ex
1014 3665 1117 3723 ordine
1133 3664 1364 3723 numeravimus.
1412 3663 1501 3725 Sunt
1524 3669 1545 3726 ii
1562 3683 1667 3726 numeru

334 3769 482 3828 XXXVI.

378 3872 427 3930 Ex
449 3873 495 3929 his
519 3871 612 3931 titulis
636 3891 689 3929 sex
723 3879 752 3928 et
785 3871 907 3946 triginta
940 3871 1027 3928 tertia
1049 3889 1135 3946 pars,
1169 3869 1281 3927 scilicet
1313 3868 1394 3927 tituli
1425 3872 1592 3932 duodecim
1612 3887 1665 3928 ren

336 3974 444 4033 adsunt
465 3975 496 4032 in
519 3971 703 4068 Corporel),
737 3972 815 4049 quod
845 3991 910 4032 cum
940 3973 976 4031 de
1003 3972 1120 4031 duobus
1143 3972 1186 4048 (n.
1204 3971 1252 4030 38.
1278 3971 1352 4045 198)
1381 3973 1453 4050 ipse
1484 3977 1585 4053 palam
1611 3991 1664 4032 tou·

336 4203 539 4212 ψ

413 4367 436 4429 ¹)
475 4368 559 4417 Immo
588 4369 673 4416 insunt
700 4367 785 4431 plures
814 4367 888 4427 tituli,
918 4367 960 4416 ubi
991 4381 1103 4416 errorem
1124 4367 1178 4430 Ipse
1198 4365 1339 4414 confitetur.
1380 4365 1514 4434 Exempli
1545 4383 1616 4420 eausa
1637 4363 1662 4414 tl

334 4476 360 4509 rt.
382 4461 433 4510 209
448 4479 480 4500 =
495 4461 566 4510 4149
592 4461 628 4508 sio
649 4459 767 4508 adnotat:
804 4450 918 4526 ‘Corpus
938 4458 955 4507 l.
976 4456 1005 4508 l:
1026 4455 1186 4515 CRISPINAE.
1225 4453 1402 4505 Numerone
1423 4458 1466 4520 lu,
1491 4459 1509 4510 ὰ
1531 4471 1593 4522 tort,
1617 4471 1664 4515 crt-
1694 4452 1695 4455 Ἰ

335 4547 448 4614 SPINA'‚
471 4567 517 4601 nee
538 4551 642 4600 verbum
663 4552 779 4614 amplius.
818 4551 987 4600 Nihilosetius
1013 4551 1053 4600 trie
1082 4557 1229 4600 numeratur
1253 4551 1318 4598 iuter
1346 4549 1441 4600 titulos
1465 4552 1581 4605 CLXIV
1606 4563 1664 4602 unt
1691 4585 1692 4588 κ

335 4645 530 4709 praetermissos
549 4645 589 4692 uel
609 4644 794 4709 pessumdatos.

410 4735 434 4798 Ε)
473 4737 508 4786 D.
530 4738 564 4786 20
590 4737 650 4796 (cito
677 4751 796 4786 numeros
821 4737 940 4786 editionis
964 4737 1069 4786 maioris
1096 4731 1265 4798 Pestinensis)
1280 4753 1312 4775 =
1328 4733 1357 4784 C.
1381 4737 1470 4788 4129.
1502 4741 1537 4789 33
1553 4759 1586 4781 =
1601 4733 1665 4787 3501.

335 4829 366 4878 81
388 4849 421 4870 =
442 4827 522 4878 3675.
553 4827 587 4878 93
608 4849 641 4869 =
662 4827 743 4878 0407.
775 4827 826 4877 105
848 4849 880 4868 =
902 4830 981 4880 3715.
1014 4827 1207 4878 135--4190
1242 4827 1444 4880 ttt=418a
1481 4827 1664 4882 198=attt

334 4925 385 4971 201
413 4929 438 4970 et
464 4921 516 4970 232
543 4921 618 4985 (quae
643 4921 786 4985 fragmenta
809 4922 988 4988 coniungenda
1012 4935 1066 4970 esse
1091 4921 1171 4969 musei
1197 4921 1280 4968 editor
1303 4933 1355 4967 nou
1382 4921 1533 4987 intellexit)
1551 4919 1663 4974 :3332
1690 4907 1692 4914 ,

334 5014 387 5063 230
402 5033 435 5054 =
451 5014 532 5063 3681.
553 5014 605 5064 235
621 5033 653 5054 =
670 5014 750 5063 4215.
789 5011 864 5063 Hunc
889 5013 990 5062 titulum
1010 5012 1102 5062 deiude
1122 5013 1201 5061 refert
1219 5013 1246 5060 iu
1270 5010 1360 5060 ordine
1382 5023 1484 5078 quarto
1505 5013 1665 5070 intertiata·

333 5106 405 5166 milui,
427 5121 478 5154 nou
498 5105 547 5154 sibi
566 5107 593 5155 tn
613 5121 700 5156 museo
721 5107 796 5167 visos,
817 5115 879 5170 puto
900 5121 932 5156 ue
956 5105 1146 5156 insimularetur
1170 5105 1275 5154 maturis
1295 5103 1452 5169 diligentiae
1479 5111 1509 5162 in
1536 5111 1589 5162 suit
1605 5105 1665 5158 lits!

333 5197 464 5247 adhibitae
484 5212 560 5262 quam
580 5207 691 5262 praestat
711 5197 737 5248 iu
757 5198 857 5248 alienis.
