3540 5828
338 503 384 571 92
696 511 845 572 1111111
864 522 1022 582 stusr.
1042 521 1258 574 ouousrou.
1278 524 1303 572 1.

335 697 480 775 praebent
506 695 644 754 lucernae
665 694 849 754 Puteolanas
878 701 983 752 extant
1007 713 1066 753 non
1088 695 1290 770 infrequentes
1313 697 1481 754 Remanesis
1502 696 1668 772 inscriptae

335 801 374 877 (I.
390 798 430 858 N.
448 797 539 870 6308,
555 797 609 873 29);
634 800 686 857 sed
708 815 785 874 nego
807 817 872 856 eam
895 797 1032 856 adiectivi
1054 798 1182 857 sormam
1204 816 1333 873 unquam
1356 818 1411 874 pro
1433 800 1552 857 nomine
1572 801 1668 876 genti·

334 904 404 962 licio
432 902 525 960 fuisse
554 907 712 976 receptam.
756 899 902 958 Videatur
929 902 1017 960 etiam
1045 919 1122 976 quae
1145 900 1181 957 de
1203 901 1408 976 togatensibus
1430 900 1593 962 Henzeuus
1616 903 1668 961 ad·

337 1005 451 1064 notavit
474 1005 503 1062 in
526 1004 641 1080 epbem.
665 1001 784 1061 a1872
807 1023 835 1079 p.
854 1002 922 1060 217.
957 1001 1118 1078 Perperam
1141 1002 1258 1073 deinde,
1281 1004 1311 1060 ni
1333 1003 1430 1072 fallor,
1453 1004 1484 1060 in
1505 1005 1561 1062 bac
1576 1023 1668 1080 quae·

336 1109 432 1166 stione
456 1106 493 1164 ad
517 1107 596 1164 servi
618 1106 682 1164 eius
705 1105 824 1164 nomine
845 1115 989 1180 provocat
1003 1104 1166 1177 Beolrerus,
1189 1105 1239 1181 qui
1262 1123 1340 1162 anno
1355 1106 1438 1164 urbis
1455 1105 1514 1165 350
1532 1109 1667 1166 Artenae

335 1209 515 1268 Volscorum
537 1206 639 1283 oppidi
663 1227 758 1265 arcem
775 1207 920 1266 Romanis
943 1207 1103 1266 tradidisse
1117 1207 1212 1265 fertur
1226 1206 1306 1283 apud
1321 1207 1439 1265 Livium
1453 1209 1483 1278 4,
1501 1209 1551 1267 61.
1585 1209 1666 1268 Nam

259 1323 261 1326 '
335 1313 376 1382 is,
399 1313 425 1370 si
448 1329 578 1387 unquam
600 1310 671 1382 fnit,
694 1329 747 1386 per
768 1310 870 1367 ludum
893 1309 988 1368 dietus
1011 1318 1055 1368 est
1081 1308 1198 1368 Servius
1220 1311 1380 1379 Romanus,
1408 1310 1488 1385 quod
1510 1311 1667 1371 Romanos

335 1413 513 1483 servaverim
536 1412 669 1488 pariliter
690 1419 723 1469 ut
739 1413 840 1470 Fertor
854 1413 957 1470 Resius
975 1411 1025 1469 ille
1040 1431 1089 1472 res
1103 1411 1275 1488 Aequicolus
1291 1421 1319 1470 et
1334 1412 1451 1470 similia.
1489 1414 1530 1470 Et
1545 1415 1668 1489 scripsit

335 1519 464 1576 fortasse
486 1516 522 1586 is,
544 1515 594 1590 qui
616 1513 754 1573 fabellam
776 1515 852 1572 banc
874 1515 1013 1584 narravit,
1036 1513 1152 1573 seram
1167 1515 1340 1585 Rementem
1362 1534 1431 1573 narn
1447 1515 1564 1574 Seruius
1580 1536 1666 1593 prae-

335 1639 442 1679 nomen
465 1627 518 1676 est.
552 1617 643 1675 Recte
665 1617 807 1675 statuisse
821 1617 988 1675 Varronem
1010 1617 1149 1692 exempla
1164 1617 1271 1674 docent
1286 1615 1500 1676 Romauiorum
1516 1619 1591 1677 satis
1607 1621 1667 1678 fra-

335 1723 467 1798 quentia‚
489 1739 566 1796 quae
589 1737 680 1797 supra
694 1719 893 1796 composuiin
909 1719 1006 1776 indice
1023 1719 1118 1788 tertio,
1140 1718 1293 1776 bominum
1309 1719 1492 1778 condicionis
1506 1721 1667 1780 libertinae

336 1826 467 1882 omnium
483 1833 513 1882 et
527 1833 614 1881 extra
628 1823 732 1880 urbem
747 1832 865 1896 reperto
879 1820 1031 1897 pleraque.
1064 1821 1205 1880 Romanii
1220 1819 1309 1897 igitur
1323 1820 1369 1879 illi
1383 1829 1436 1878 aut
1449 1822 1669 1882 descenderunt

335 1930 373 1986 ab
391 1926 560 1985 bominibus
576 1924 738 1984 secundum
754 1930 901 1983 vetustam
917 1923 1162 1982 cousuetudinem
1184 1922 1353 1982 nominatos
1376 1933 1428 1982 aut
1448 1924 1506 2001 ipsi
1530 1925 1573 1982 ita
1595 1925 1667 1984 dicti

336 2039 406 2088 sunt
418 2037 522 2088 eontra
538 2047 623 2086 usum
638 2027 833 2086 recentiorem
849 2035 971 2104 propter
985 2026 1115 2084 rationes
1130 2026 1218 2084 nobis
1233 2027 1360 2102 ignotas.
1384 2027 1425 2084 At
1435 2044 1511 2102 quae
1523 2027 1555 2085 in
1567 2028 1666 2087 indice

336 2131 465 2191 secundo
488 2131 575 2208 posui
597 2129 783 2205 cognominis
798 2127 927 2187 Romani
950 2128 1089 2204 exempla
1109 2128 1179 2185 item
1201 2127 1377 2202 frequentia,
1401 2147 1437 2186 11
1452 2137 1480 2186 11
1494 2129 1666 2206 111111111-

335 2235 414 2294 tinae
436 2234 554 2309 quidem
577 2231 759 2290 condicionis
778 2231 930 2289 bominum
947 2231 1046 2289 omnia
1062 2239 1141 2302 sunt,
1164 2240 1197 2288 ut
1211 2229 1327 2306 reliqua
1342 2231 1404 2290 eius
1419 2233 1545 2307 generis,
1568 2252 1667 2309 neque

335 2357 405 2395 vero
429 2337 464 2394 de
487 2335 601 2412 origine
623 2335 773 2393 bominum
796 2333 915 2392 illorum
938 2335 1011 2391 certi
1033 2333 1194 2409 quidquam
1217 2333 1354 2408 probant.
1398 2335 1501 2408 ltaque
1517 2334 1666 2418 Varronis

334 2439 535 2498 testimonium
564 2437 665 2514 aliqua
691 2437 804 2518 ratione
832 2436 950 2494 videtur·
975 2435 1106 2494 indicare
1128 2433 1327 2494 Venafranios
1355 2436 1458 2513 oppidi
1479 2437 1605 2495 libertos
1628 2440 1665 2496 ab

334 2543 386 2613 iis,
409 2542 461 2618 qui
478 2540 716 2598 Venafranorum
738 2538 881 2614 gerebant
903 2557 1024 2609 nomen,
1047 2538 1197 2596 diversam
1220 2539 1365 2614 originem
1386 2537 1537 2596 habuisse.
1581 2538 1666 2598 Inter

335 2646 457 2703 nomina
482 2643 573 2722 igitur
599 2642 630 2700 in
653 2645 736 2699 onius
758 2639 865 2699 indicis
888 2641 1011 2698 alterius
1033 2640 1259 2717 municipiorum
1280 2640 1380 2700 liberti
1402 2641 1562 2716 quaerendi
1585 2652 1665 2715 suut,

336 2767 394 2806 non
415 2747 493 2805 inter
515 2765 559 2816 ea,
581 2763 657 2820 quae
679 2745 709 2800 iu
732 2762 804 2801 enus
826 2743 1031 2802 terminantur.

420 2845 481 2907 Sed
506 2846 578 2923 quid
606 2847 642 2905 de
668 2847 716 2904 bis
744 2844 954 2928 stqtuendum?
997 2844 1077 2903 Puto
1098 2864 1135 2902 ea
1156 2845 1281 2903 eandem
1303 2845 1422 2904 omnino
1444 2845 1590 2922 originem
1613 2849 1664 2906 ha-

336 2952 438 3011 buisse
467 2959 556 3025 atque
581 2948 733 3026 gentilicia
754 2947 883 3007 Etrusca
903 2948 933 3006 in
956 2967 1026 3006 erae
1047 2966 1120 3005 euna
1141 2957 1171 3006 et
1191 2939 1221 3004 iu
1243 2951 1397 3021 1111111,
1420 2947 1535 3008 Umbra
1557 2959 1588 3008 et
1611 2947 1665 3009 Sa-

336 3055 458 3112 111111
481 3072 553 3110 anas
576 3069 643 3110 enas
665 3055 739 3122 ines,
762 3050 914 3128 gentilicia
935 3051 1052 3108 111111
1074 3061 1201 3120 etentes,
1224 3049 1340 3126 reliqua
1361 3069 1421 3109 non
1443 3052 1666 3110 111111111ῃί-

336 3167 416 3216 nata.
454 3153 572 3214 Scilicet
593 3161 626 3211 ut
648 3171 687 3212 ex
706 3152 823 3218 ,Tuscia
843 3163 872 3212 et
892 3151 1019 3211 Umbria
1040 3160 1069 3209 et
1089 3161 1195 3230 postea
1217 3171 1256 3211 ex
1278 3170 1336 3210 una
1358 3170 1478 3228 quaque
1499 3154 1666 3230 provincia,

335 3261 378 3318 ita
404 3277 442 3316 ex
464 3255 552 3315 Latio
578 3256 812 3332 regionibusque
834 3253 957 3328 vicinis,
985 3263 1073 3330 atque
1099 3273 1137 3313 ex
1161 3255 1224 3314 illis
1251 3255 1344 3313 multo
1367 3256 1455 3312 etiam
1477 3255 1667 3332 frequentius

335 3370 365 3420 et
386 3360 454 3418 inde
476 3360 513 3417 ab
535 3358 744 3434 antiquissimo
766 3366 908 3433 tempore,
931 3357 1068 3416 homines
1089 3358 1249 3434 peregrini,
1271 3357 1471 3435 negotiatores
1494 3367 1523 3416 et
1539 3360 1666 3436 opifices

335 3462 537 3540 potissimum,
564 3461 691 3520 Romam
714 3460 914 3536 migraverunt
935 3479 974 3518 ex
997 3459 1123 3536 singulis
1146 3459 1263 3537 oppidis
1286 3470 1337 3518 aut
1359 3460 1469 3537 singuli
1492 3470 1544 3518 aut
1565 3464 1665 3538 pauci,

334 3566 415 3642 iique
442 3585 501 3623 non
527 3563 719 3640 patriciorum
740 3563 880 3633 clientes,
906 3562 1007 3639 ibique
1029 3563 1130 3621 sedem
1151 3562 1289 3620 fixerunt
1334 3561 1375 3619 Hi
1397 3582 1416 3621 a
1435 3562 1582 3622 Romanis
1605 3567 1668 3643 pri-

298 3691 302 3697 ’
335 3689 415 3727 mum
441 3668 570 3726 breviter
597 3665 669 3724 dicti
695 3674 764 3723 sunt
791 3673 843 3722 111
868 3681 900 3721 se
925 3664 1007 3741 ipsos
1030 3663 1170 3723 dixerunt
1191 3683 1209 3722 a
1230 3664 1328 3742 patria
1348 3664 1507 3739 Aeselonus
1530 3664 1668 3742 Afilaner

336 3780 365 3829 et
387 3771 430 3830 sic
453 3771 607 3846 deinceps;
629 3769 660 3825 id
682 3767 763 3843 quod
784 3787 816 3826 re
838 3785 909 3825 vcra
930 3767 1082 3824 indicabat
1104 3787 1169 3824 eum
1188 3767 1292 3842 quiex
1306 3766 1416 3825 Aetola
1429 3768 1548 3825 Afilave
1563 3771 1668 3829 oriun-

335 3874 391 3932 dus
415 3882 486 3931 erat.
522 3872 569 3929 lta
589 3870 650 3929 fere
673 3870 758 3944 interv
771 3877 920 3928 nostrates
943 3869 986 3944 (et
1008 3869 1116 3945 ubique
1132 3869 1261 3946 gentium
1283 3869 1371 3945 puto)
1393 3869 1515 3944 opifices
1530 3869 1667 3932 iuniores

336 3995 354 4032 a
369 3975 467 4050 patria
480 3975 604 4032 invicem
621 3990 685 4030 sese
702 3972 855 4049 appellare
870 3971 1005 4030 audimus
1027 3972 1092 4047 (cler
1106 3970 1302 4049 8111111191),
1318 3975 1368 4030 der
1387 3973 1667 4052 tlteenbriezener);

335 4087 423 4153 atque
450 4076 587 4134 similiter
608 4074 737 4133 Iudaeos
759 4074 947 4151 potissimum
970 4074 1120 4145 homines,
1147 4084 1181 4133 ut
1200 4072 1379 4133 Christianis
1401 4091 1468 4132 sese
1489 4076 1668 4152 aequipera-

337 4188 410 4250 rent,
433 4185 485 4236 aut
505 4178 571 4254 lege
593 4186 711 4235 coactos
734 4183 785 4234 aut
804 4185 910 4250 sponte
925 4178 962 4234 ab
978 4176 1106 4253 oppidis,
1128 4195 1167 4235 ex
1184 4177 1290 4253 quibus
1307 4177 1424 4235 oriundi
1439 4185 1519 4250 sunt,
1542 4181 1670 4239 nomina

336 4282 470 4340 videmus
487 4280 545 4338 sibi
559 4297 675 4338 sumere
697 4278 744 4354 (ut
758 4279 944 4355 Bamberper,
965 4279 1168 4350 Warsclzauer,
1189 4279 1300 4337 similia
1313 4279 1493 4356 innumere).
1531 4279 1668 4348 Nomen·

336 4385 451 4442 elatura
477 4382 552 4440 baec
572 4381 657 4457 quasi
686 4390 753 4440 ante
781 4382 885 4440 oculos
908 4381 993 4438 nobis
1016 4383 1108 4458 ponit,
1131 4400 1217 4458 quem
1241 4382 1278 4439 ad
1300 4382 1422 4439 modum
1443 4382 1529 4459 plebs
1552 4385 1670 4444 urbana

336 4504 444 4563 magna
470 4505 509 4544 ex
535 4494 619 4562 parte
647 4485 773 4543 conflata
800 4504 838 4543 ex
864 4484 928 4542 eius
954 4484 1073 4562 generis
1094 4467 1270 4542 hominibus*
1285 4493 1374 4560 atque
1397 4485 1486 4543 etiam
1514 4504 1554 4544 ex
1580 4489 1669 4564 oppi-

336 4589 441 4647 dorum
464 4588 629 4646 dirutorum
650 4589 799 4663 quondam
822 4586 927 4646 ineolis
950 4587 1062 4645 sensim
1084 4597 1245 4645 consecuta
1261 4594 1307 4645 est
1322 4588 1387 4645 iura
1402 4588 1541 4672 civitatis.
1579 4587 1669 4662 Quae

336 4691 414 4750 enim
436 4691 550 4768 patriae
573 4698 686 4748 tantum
708 4689 904 4748 indicationes
927 4697 1011 4748 eraut
1029 4689 1214 4765 singulorum
1229 4690 1382 4748 bominum
1397 4690 1428 4746 in
1443 4703 1581 4767 posteros
1599 4712 1669 4768 pro-

336 4801 463 4871 pagatae
485 4793 613 4869 speciem
636 4793 787 4851 nominum
809 4791 1028 4867 gentilitiorum
1052 4792 1294 4866 adsumpserunt3
1318 4793 1371 4851 sed
1394 4793 1522 4868 speciem
1538 4802 1668 4866 tuntum,

337 4915 395 4955 nou
417 4898 527 4954 iustam
549 4895 674 4953 lormam
697 4896 727 4952 iu
749 4899 794 4953 ius
810 4895 1003 4964 desinentem,
1024 4894 1105 4969 quali
1124 4895 1293 4971 gaudebant
1310 4895 1362 4971 qui
1378 4896 1442 4954 iure
1456 4896 1668 4954 manumissio·

337 4999 385 5058 nis
407 4999 573 5057 libertatem
596 5007 625 5056 11
646 4998 796 5057 civitatem
819 4996 917 5072 adepti
938 5005 1031 5054 eraut.

1327 5101 1409 5158 Anu.
1432 5099 1581 5159 lldumra.

796 5267 1201 5277 ffl—
