3540 5828
325 529 400 601 204
731 549 815 602 von.
843 552 858 602 1
884 551 1240 618 nnurnvmsrmnvu.
1604 556 1655 605 cor

1496 654 1654 663 -—-—-...

325 722 499 782 Mutuescae
520 722 588 780 viae
609 719 745 782 Salariae
766 724 894 801 rigorem
916 733 997 785 certo
1020 727 1118 785 ubivis
1141 745 1285 802 apparere
1311 746 1377 785 cum
1400 726 1546 802 sepulcris
1568 727 1660 785 iuxta

324 844 390 885 eam
419 825 531 902 passim
553 823 717 884 collocatis.
760 822 896 886 Secundo
923 828 1023 904 lapide
1050 837 1121 907 post
1141 831 1239 888 vicum
1266 829 1385 889 Novum
1413 830 1535 888 transiri
1554 829 1658 888 rivum

322 927 491 987 venientem
519 946 538 984 a
559 927 627 986 vico
648 927 767 1006 Poggio
788 928 915 1002 Nativo,
945 931 1055 990 dictum
1082 932 1210 1007 primum
1229 934 1312 1007 sesso
1338 933 1369 989 di
1397 931 1506 1008 Poppio
1534 931 1656 1004 Nativo,

323 1047 395 1089 mox
418 1030 508 1089 Fbsso
529 1029 607 1088 della
635 1030 727 1103 Villa
750 1050 817 1090 eum
838 1033 936 1092 rivum
956 1052 1011 1111 pro
1033 1053 1066 1092 re
1088 1053 1147 1092 non
1177 1034 1219 1092 ita
1239 1035 1379 1111 exiguum
1396 1033 1501 1092 deinde
1521 1033 1659 1092 incidere

325 1131 357 1190 in
377 1132 500 1192 fluvium
520 1131 688 1191 Feriarum.
731 1133 796 1192 Iam
818 1134 910 1212 igitur
930 1134 1122 1213 intellegitur,
1144 1137 1227 1195 cuius
1248 1137 1337 1195 rivuli
1359 1144 1449 1214 ponte
1470 1136 1567 1214 prima
1589 1136 1660 1194 viae

325 1236 425 1312 portio
446 1234 613 1294 definiatur.
644 1268 682 1278 —
733 1235 894 1294 Transitus
916 1237 1023 1298 deinde
1045 1240 1155 1298 montis
1177 1241 1348 1316 Appennini
1370 1240 1449 1297 iusto
1481 1239 1548 1296 loco
1571 1258 1660 1315 repe·

321 1336 412 1409 ritnr;
446 1358 515 1396 narn
547 1337 705 1394 terminum
737 1337 842 1398 habuit
874 1340 1004 1400 secunda
1035 1343 1144 1418 portio,
1163 1343 1204 1400 si
1235 1352 1316 1400 recte
1348 1357 1487 1399 numeros
1519 1341 1655 1398 restitui-

319 1457 403 1513 mus,
442 1440 506 1499 fere
538 1443 585 1520 ad
625 1442 823 1502 centesimum
862 1442 1006 1520 lapidem,
1056 1462 1144 1521 quem
1186 1462 1225 1502 ex
1266 1443 1395 1502 miliario
1434 1443 1459 1500 I.
1496 1441 1535 1501 N.
1572 1441 1657 1500 6259

318 1549 437 1602 constat
470 1544 591 1604 stetisse
617 1563 711 1622 prope
732 1544 916 1621 Trisungum
944 1545 975 1603 in
1002 1546 1078 1604 valle
1102 1546 1227 1604 Truenti
1257 1546 1417 1620 superiore.
1464 1577 1500 1586 —
1545 1543 1658 1602 Tertia

320 1663 406 1722 pars,
449 1645 476 1704 si
515 1654 595 1705 recte
628 1647 729 1705 hiatus
764 1647 893 1723 explevi,
930 1647 1042 1724 duplex
1077 1657 1137 1720 est,
1178 1658 1210 1707 ut
1248 1649 1360 1707 bivium
1395 1645 1484 1705 fuerit
1518 1646 1582 1704 lere
1616 1647 1658 1704 ad

320 1747 515 1807 centesimum
537 1756 798 1826 sternerentnrque
820 1749 887 1807 viae
922 1749 992 1809 inde
1027 1749 1103 1810 duae
1139 1749 1232 1810 altera
1259 1750 1297 1809 ad
1322 1748 1534 1809 Interamnium
1557 1747 1656 1807 Prae·

317 1850 511 1909 tuttisnorum
556 1851 646 1911 hodie
687 1851 821 1922 Τεναηιος
876 1851 934 1910 hoc
981 1852 1059 1911 enim
1100 1853 1244 1930 oppidum
1282 1853 1368 1910 iuxta
1407 1851 1572 1910 Truentum
1615 1850 1657 1910 ad

317 1952 465 2010 Asculum
496 1952 641 2013 Picenum
687 1961 770 2032 patet
787 1941 789 1944 ¹
805 1953 967 2029 significari
999 1975 1027 2013 v.
1058 1955 1104 2014 13.
1166 1955 1357 2031 Quamquam
1399 1954 1426 2012 si
1463 1953 1511 2011 cui
1550 1955 1654 2031 magis

318 2055 448 2133 placebit
472 2055 553 2138 dam
580 2053 726 2117 Salariam
754 2056 880 2131 septimo
907 2058 1026 2116 saeculo
1054 2057 1200 2115 Asculum
1233 2076 1291 2115 non
1320 2055 1470 2132 attigisse,
1498 2055 1549 2113 sed
1580 2064 1657 2132 post

320 2157 493 2236 Appennini
517 2159 674 2218 transitum
700 2157 916 2217 Interamnium
937 2160 1090 2236 petivisse,
1118 2159 1211 2218 verba
1231 2177 1307 2234 quae
1335 2159 1367 2216 in
1389 2157 1475 2216 titulo
1497 2167 1659 2216 remanent

259 2283 261 2288 ·
319 2261 409 2320 etiam
431 2260 500 2319 huic
513 2261 647 2338 opinioni
668 2260 757 2319 facile
778 2261 1090 2321 accommodabuntur.
1133 2261 1201 2322 Hoc
1223 2269 1310 2319 antea
1323 2261 1382 2318 iam
1405 2259 1656 2320 intellexeramus

316 2363 551 2437 Interamnium,
582 2362 662 2439 quod
690 2363 851 2430 secundum
879 2364 1031 2424 itineraria
1063 2365 1231 2441 posteriora
1268 2382 1287 2420 a
1315 2361 1434 2422 Salaria
1462 2362 1656 2438 aliquantum

316 2467 418 2542 distat,
441 2479 576 2546 tempore
597 2469 708 2528 liberae
729 2467 774 2525 rei
799 2465 937 2543 publicae
958 2467 996 2525 ad
1029 2468 1126 2544 ipsam
1146 2449 1225 2525 viam
1245 2466 1394 2542 publicam
1420 2464 1525 2523 fuisse.
1571 2463 1657 2524 Nam

316 2569 470 2647 prodierat
491 2581 559 2630 ante
585 2589 680 2630 annos
706 2572 769 2631 sere
797 2571 1013 2650 quinquaginta
1039 2571 1069 2627 in
1096 2587 1169 2647 agro
1195 2569 1266 2646 pagi
1288 2566 1390 2629 Sancti
1413 2565 1517 2627 Omeri
1544 2567 1658 2644 cippus

316 2671 366 2732 hic
387 2673 535 2734 miliarius
558 2673 594 2751 (Ι.
617 2674 657 2733 N.
681 2672 761 2734 6258
787 2699 823 2726 =
846 2674 906 2734 vol.
931 2676 946 2732 1
970 2693 999 2732 n.
1022 2671 1097 2749 561)

778 2913 782 2924 ·
835 2911 1126 2969 tussim-Qu
1184 2859 1236 2910 ‘,

877 3020 1084 3080 nnvllllllts

949 3156 1021 3200 cxrx

935 3276 1024 3320 ROMA

317 3485 370 3561 qui
391 3503 488 3562 pagus
514 3504 581 3545 cum
602 3485 717 3545 medius
740 3486 780 3544 sit
800 3486 878 3544 inter
899 3484 1045 3544 Asculum
1068 3494 1097 3542 et
1117 3482 1346 3555 Interamnium,
1379 3482 1438 3540 ium
1461 3483 1533 3541 olim
1555 3483 1654 3543 edens

314 3606 383 3647 eum
405 3588 525 3666 cippum
541 3588 682 3648 adnotavi
703 3607 771 3647 eum
793 3597 880 3647 extra
901 3588 1030 3664 rigorem
1053 3588 1119 3645 viae
1142 3583 1277 3646 Salariae
1298 3585 1475 3664 posterioris
1497 3586 1653 3662 prodiisse

313 3689 418 3766 itaque
440 3691 590 3767 pertinere
612 3691 706 3750 videri
728 3690 765 3749 ad
787 3687 935 3750 Salariam
957 3690 1037 3748 viam
1059 3689 1096 3747 ab
1118 3707 1264 3766 ecquam
1285 3689 1424 3748 novimus
1446 3687 1599 3747 diversam
1622 3697 1654 3747 et

313 3793 518 3853 vetustiorem.

398 3893 458 3956 Sed
480 3897 586 3976 cippus
622 3897 650 3957 is
682 3915 771 3975 quem
799 3896 887 3955 modo
915 3895 1016 3955 rettuli
1045 3913 1111 3953 cum
1147 3913 1182 3952 eo
1210 3913 1298 3980 quem
1330 3911 1385 3952 uos
1413 3894 1528 3952 edimus
1558 3895 1651 3953 titulo

210 4017 215 4032 κ
315 3997 405 4056 etiam
440 3999 564 4076 propius
603 3999 777 4059 coniunctus
813 3999 930 4057 videtur
966 4015 1042 4057 esse.
1100 3999 1299 4056 Attribuimua
1332 4015 1399 4056 eum
1436 3995 1532 4054 adhuc
1569 3996 1651 4055 duce

314 4099 483 4177 Borghesio
504 4101 541 4160 L.
564 4100 697 4163 Caecilio
720 4101 758 4177 Q.
781 4102 801 4160 t.
824 4101 947 4161 Metello
969 4100 1086 4158 consuli
1108 4100 1287 4176 etquidem,
1319 4118 1386 4157 oum
1405 4099 1493 4157 huius
1515 4100 1651 4158 nominis

315 4201 391 4262 duos
414 4205 555 4264 consules
577 4206 647 4266 lasti
669 4205 830 4264 exhibeant
845 4225 871 4262 a.
888 4213 918 4262 et
934 4201 993 4261 612
1008 4212 1038 4261 et
1053 4201 1123 4274 637,
1145 4203 1251 4261 horum
1265 4203 1435 4277 posterlari.
1478 4200 1543 4258 lam
1565 4219 1651 4274 vero,

314 4322 380 4363 oum
408 4306 458 4364 via
482 4308 558 4367 haec
585 4317 648 4367 tam
673 4329 692 4366 a
718 4325 842 4367 censore
873 4305 954 4364 refici
982 4305 1113 4381 potuerit
1139 4324 1229 4381 quam
1259 4325 1277 4364 a
1303 4304 1443 4376 consule,
1478 4303 1549 4362 item
1580 4304 1648 4361 v.3

311 4407 378 4483 pari
398 4407 463 4468 iure
484 4419 514 4468 et
535 4409 616 4487 [con.
641 4410 772 4488 suppleri
793 4409 891 4485 possit
905 4419 935 4467 et
957 4407 1066 4485 [cen]s.,
1089 4427 1168 4466 nuno
1183 4419 1280 4466 autem
1303 4407 1481 4484 patefactum
1504 4405 1543 4464 sit
1566 4405 1650 4464 viam

315 4507 462 4570 Salariam
484 4516 680 4572 instauratam
704 4531 770 4572 esse
793 4512 837 4589 [in
858 4511 991 4587 conculca
1017 4510 1136 4582 Caecili,
1159 4511 1278 4568 omnino
1302 4509 1461 4568 videndum
1484 4518 1545 4580 est,
1576 4527 1649 4567 num

311 4611 389 4670 forte
411 4611 561 4674 Caecilius
597 4617 646 4676 hic
677 4617 704 4674 is
741 4617 807 4691 ipse
835 4615 884 4687 sit,
921 4615 1004 4674 cuius
1033 4631 1140 4673 nomen
1173 4613 1260 4689 cippo
1295 4611 1340 4670 illi
1375 4611 1551 4687 inscriptum
1590 4619 1649 4670 est.

311 4711 352 4770 Et
365 4733 505 4776 censores
527 4718 646 4795 quidem
663 4716 811 4778 Caecilius
827 4717 898 4776 fasti
915 4717 1057 4776 exhibent
1075 4717 1216 4792 quinque,
1239 4735 1266 4773 n.
1283 4713 1341 4772 623
1360 4712 1398 4788 Q.
1412 4712 1567 4772 Metellum
1581 4713 1649 4770 hla-

310 4814 494 4890 cedouicum,
516 4839 543 4879 a.
571 4819 632 4880 634
661 4820 699 4896 Q.
722 4819 877 4879 Metellum
901 4819 1101 4890 Baliaricum,
1136 4837 1162 4875 a.
1192 4816 1250 4876 639
1273 4815 1310 4875 L.
1332 4816 1502 4887 Metellum,
1532 4833 1559 4872 a.
1586 4813 1647 4874 652

314 4913 528 4989 Querulum
543 4921 734 4982 Numidicum
761 4931 791 4980 et
812 4920 847 4981 C.
863 4921 1015 4982 Metellum
1032 4919 1219 4998 Caprariam,
1242 4919 1352 4995 quibus
1375 4917 1501 4996 singulis
1524 4918 1554 4975 in
1577 4937 1648 4976 eum

262 5007 269 5028 '
311 5033 399 5093 quem
428 5022 545 5084 edimus
573 5023 690 5084 titulum
720 5023 799 5082 idem
826 5024 873 5082 ius
900 5033 960 5095 est,
988 5023 1047 5082 nisi
1068 5024 1145 5082 torte
1168 5022 1284 5080 duobus
1305 5020 1436 5080 Metellis
1462 5021 1493 5079 in
1519 5037 1647 5078 censura

311 5119 435 5198 collegis
456 5124 514 5185 hoc
541 5127 658 5199 obstat,
690 5125 770 5202 quod
791 5126 823 5183 in
839 5126 945 5184 horum
968 5125 1063 5184 altero
1085 5136 1153 5184 utro
1181 5124 1303 5183 omissio
1324 5123 1526 5200 praenominis
1554 5124 1644 5181 etiam

311 5222 407 5298 magis
433 5227 566 5287 offendit.
610 5226 670 5289 Sed
696 5229 802 5307 clppus
830 5228 977 5288 miliarius
1005 5226 1257 5289 Sanctomeranus
1292 5226 1317 5284 si
1347 5226 1480 5285 eiusdem
1508 5226 1643 5284 censoris
