<?xml version="1.0" encoding="UTF-8"?>
<!DOCTYPE html PUBLIC "-//W3C//DTD XHTML 1.0 Transitional//EN"
    "http://www.w3.org/TR/xhtml1/DTD/xhtml1-transitional.dtd">
<html xmlns="http://www.w3.org/1999/xhtml" xml:lang="en" lang="en">
 <head>
  <title>
</title>
<meta http-equiv="Content-Type" content="text/html;charset=utf-8" />
  <meta name='ocr-system' content='tesseract 3.04.00' />
  <meta name='ocr-capabilities' content='ocr_page ocr_carea ocr_par ocr_line ocrx_word'/>
</head>
<body>
  <div class='ocr_page' id='page_1' title='image "./ephemerisepigra00henzgoog_0259.png"; bbox 0 0 3540 5828; ppageno 0'>
   <div class='ocr_carea' id='block_1_1' title="bbox 321 527 1648 600">
    <p class='ocr_par' dir='ltr' id='par_1_1' title="bbox 321 527 1648 600">
     <span class='ocr_line' id='line_1_1' title="bbox 321 527 1648 600; baseline -0.002 -1"><span class='ocrx_word' id='word_1_1' title='bbox 321 527 394 600; x_wconf 92' lang='grc'>246</span> <span class='ocrx_word' id='word_1_2' title='bbox 628 533 633 544; x_wconf 90' lang='grc'><strong>’</strong></span> <span class='ocrx_word' id='word_1_3' title='bbox 839 546 1119 598; x_wconf 78' lang='lat' dir='ltr'><strong>nuntrsnuuun</strong></span> <span class='ocrx_word' id='word_1_4' title='bbox 1597 548 1648 598; x_wconf 76' lang='lat' dir='ltr'><strong>sii</strong></span> 
     </span>
    </p>
   </div>
   <div class='ocr_carea' id='block_1_2' title="bbox 312 718 1657 4900">
    <p class='ocr_par' dir='ltr' id='par_1_2' title="bbox 318 718 1653 1007">
     <span class='ocr_line' id='line_1_2' title="bbox 319 718 1653 798; baseline 0 -20"><span class='ocrx_word' id='word_1_5' title='bbox 319 721 450 797; x_wconf 88' lang='lat' dir='ltr'><strong>quodam</strong></span> <span class='ocrx_word' id='word_1_6' title='bbox 477 721 591 779; x_wconf 90' lang='lat' dir='ltr'><strong>incerto</strong></span> <span class='ocrx_word' id='word_1_7' title='bbox 618 721 750 779; x_wconf 89' lang='lat' dir='ltr'><strong>virorum</strong></span> <span class='ocrx_word' id='word_1_8' title='bbox 771 720 930 780; x_wconf 89' lang='lat' dir='ltr'><strong>libertinae</strong></span> <span class='ocrx_word' id='word_1_9' title='bbox 951 721 1127 798; x_wconf 91' lang='lat' dir='ltr'><strong>plerumque</strong></span> <span class='ocrx_word' id='word_1_10' title='bbox 1154 718 1202 778; x_wconf 87' lang='lat' dir='ltr'><strong>vel</strong></span> <span class='ocrx_word' id='word_1_11' title='bbox 1224 718 1298 778; x_wconf 88' lang='lat' dir='ltr'><strong>adeo</strong></span> <span class='ocrx_word' id='word_1_12' title='bbox 1321 718 1441 778; x_wconf 88' lang='lat' dir='ltr'><strong>servilis</strong></span> <span class='ocrx_word' id='word_1_13' title='bbox 1463 719 1653 778; x_wconf 89' lang='lat' dir='ltr'><strong>condicionis</strong></span> 
     </span>
     <span class='ocr_line' id='line_1_3' title="bbox 318 820 1653 900; baseline -0.002 -19"><span class='ocrx_word' id='word_1_14' title='bbox 318 831 349 881; x_wconf 92' lang='lat' dir='ltr'><strong>et</strong></span> <span class='ocrx_word' id='word_1_15' title='bbox 369 823 536 898; x_wconf 83' lang='lat' dir='ltr'>mulierum,</span> <span class='ocrx_word' id='word_1_16' title='bbox 565 822 646 899; x_wconf 90' lang='lat' dir='ltr'><strong>quod</strong></span> <span class='ocrx_word' id='word_1_17' title='bbox 674 824 802 883; x_wconf 83' lang='lat' dir='ltr'><strong>fortasse</strong></span> <span class='ocrx_word' id='word_1_18' title='bbox 830 824 889 882; x_wconf 91' lang='lat' dir='ltr'><strong>iam</strong></span> <span class='ocrx_word' id='word_1_19' title='bbox 918 823 1019 900; x_wconf 82' lang='lat' dir='ltr'><strong>aliquo</strong></span> <span class='ocrx_word' id='word_1_20' title='bbox 1045 831 1180 900; x_wconf 88' lang='lat' dir='ltr'><strong>tempore</strong></span> <span class='ocrx_word' id='word_1_21' title='bbox 1211 830 1301 881; x_wconf 87' lang='lat' dir='ltr'><strong>antea</strong></span> <span class='ocrx_word' id='word_1_22' title='bbox 1329 831 1473 899; x_wconf 88' lang='lat' dir='ltr'><strong>patronos</strong></span> <span class='ocrx_word' id='word_1_23' title='bbox 1499 820 1570 880; x_wconf 91' lang='lat' dir='ltr'><strong>illos</strong></span> <span class='ocrx_word' id='word_1_24' title='bbox 1594 821 1653 879; x_wconf 90' lang='lat' dir='ltr'><strong>sibi</strong></span> 
     </span>
     <span class='ocr_line' id='line_1_4' title="bbox 318 938 1622 1007; baseline 0.003 -25"><span class='ocrx_word' id='word_1_25' title='bbox 318 938 520 1001; x_wconf 85' lang='lat' dir='ltr'><strong>cooptaverat.</strong></span> <span class='ocrx_word' id='word_1_26' title='bbox 1612 1001 1622 1007; x_wconf 22' lang='grc' dir='ltr'><strong>Ρ</strong></span> 
     </span>
    </p>

    <p class='ocr_par' dir='ltr' id='par_1_3' title="bbox 316 1026 1655 1922">
     <span class='ocr_line' id='line_1_5' title="bbox 402 1026 1653 1104; baseline -0.002 -18"><span class='ocrx_word' id='word_1_27' title='bbox 402 1026 515 1100; x_wconf 89' lang='lat' dir='ltr'><strong>Locus,</strong></span> <span class='ocrx_word' id='word_1_28' title='bbox 537 1028 588 1087; x_wconf 91' lang='lat' dir='ltr'><strong>ubi</strong></span> <span class='ocrx_word' id='word_1_29' title='bbox 610 1029 732 1088; x_wconf 87' lang='lat' dir='ltr'><strong>inventa</strong></span> <span class='ocrx_word' id='word_1_30' title='bbox 752 1038 799 1088; x_wconf 89' lang='lat' dir='ltr'><strong>est</strong></span> <span class='ocrx_word' id='word_1_31' title='bbox 820 1029 941 1100; x_wconf 85' lang='lat' dir='ltr'><strong>tabella,</strong></span> <span class='ocrx_word' id='word_1_32' title='bbox 966 1028 1109 1088; x_wconf 75' lang='lat' dir='ltr'><strong>Sesamos</strong></span> <span class='ocrx_word' id='word_1_33' title='bbox 1122 1027 1298 1087; x_wconf 89' lang='lat' dir='ltr'><strong>hodiernum</strong></span> <span class='ocrx_word' id='word_1_34' title='bbox 1316 1026 1469 1104; x_wconf 86' lang='lat' dir='ltr'><strong>Segisamo</strong></span> <span class='ocrx_word' id='word_1_35' title='bbox 1485 1034 1653 1086; x_wconf 87' lang='lat' dir='ltr'><strong>conventus</strong></span> 
     </span>
     <span class='ocr_line' id='line_1_6' title="bbox 319 1127 1653 1206; baseline -0.001 -18"><span class='ocrx_word' id='word_1_36' title='bbox 319 1127 490 1189; x_wconf 81' lang='lat' dir='ltr'><strong>cluniensis</strong></span> <span class='ocrx_word' id='word_1_37' title='bbox 504 1129 596 1188; x_wconf 89' lang='lat' dir='ltr'><strong>Plinii</strong></span> <span class='ocrx_word' id='word_1_38' title='bbox 619 1130 651 1205; x_wconf 88' lang='grc'><strong>(3</strong></span> <span class='ocrx_word' id='word_1_39' title='bbox 668 1131 685 1206; x_wconf 80' lang='lat'><strong>§</strong></span> <span class='ocrx_word' id='word_1_40' title='bbox 701 1127 765 1206; x_wconf 87' lang='grc'>26),</span> <span class='ocrx_word' id='word_1_41' title='bbox 787 1140 820 1189; x_wconf 92' lang='lat' dir='ltr'><strong>ut</strong></span> <span class='ocrx_word' id='word_1_42' title='bbox 834 1131 945 1190; x_wconf 91' lang='lat' dir='ltr'><strong>dudum</strong></span> <span class='ocrx_word' id='word_1_43' title='bbox 960 1129 1125 1189; x_wconf 87' lang='lat' dir='ltr'><strong>docuerunt</strong></span> <span class='ocrx_word' id='word_1_44' title='bbox 1139 1148 1296 1190; x_wconf 82' lang='lat' dir='ltr'><strong>mensurae</strong></span> <span class='ocrx_word' id='word_1_45' title='bbox 1310 1131 1455 1189; x_wconf 89' lang='lat' dir='ltr'><strong>itinerarii</strong></span> <span class='ocrx_word' id='word_1_46' title='bbox 1478 1130 1522 1206; x_wconf 89' lang='lat' dir='ltr'><strong>(p.</strong></span> <span class='ocrx_word' id='word_1_47' title='bbox 1538 1130 1610 1200; x_wconf 87' lang='grc'>449,</span> <span class='ocrx_word' id='word_1_48' title='bbox 1624 1129 1653 1187; x_wconf 94' lang='grc'><strong>5.</strong></span> 
     </span>
     <span class='ocr_line' id='line_1_7' title="bbox 318 1231 1653 1310; baseline -0.001 -20"><span class='ocrx_word' id='word_1_49' title='bbox 318 1231 425 1302; x_wconf 90' lang='grc'>454,2</span> <span class='ocrx_word' id='word_1_50' title='bbox 449 1233 486 1290; x_wconf 82' lang='lat' dir='ltr'><strong>ci.</strong></span> <span class='ocrx_word' id='word_1_51' title='bbox 505 1232 574 1306; x_wconf 81' lang='lat'><strong>394,</strong></span> <span class='ocrx_word' id='word_1_52' title='bbox 597 1233 641 1309; x_wconf 90' lang='grc'><strong>5),</strong></span> <span class='ocrx_word' id='word_1_53' title='bbox 671 1233 775 1292; x_wconf 90' lang='lat' dir='ltr'><strong>titulos</strong></span> <span class='ocrx_word' id='word_1_54' title='bbox 804 1241 893 1291; x_wconf 88' lang='lat' dir='ltr'><strong>antea</strong></span> <span class='ocrx_word' id='word_1_55' title='bbox 921 1233 1022 1292; x_wconf 88' lang='lat' dir='ltr'><strong>nullos</strong></span> <span class='ocrx_word' id='word_1_56' title='bbox 1048 1232 1189 1309; x_wconf 83' lang='lat' dir='ltr'><strong>protulit3</strong></span> <span class='ocrx_word' id='word_1_57' title='bbox 1220 1233 1298 1292; x_wconf 90' lang='lat' dir='ltr'><strong>illud</strong></span> <span class='ocrx_word' id='word_1_58' title='bbox 1326 1244 1439 1293; x_wconf 87' lang='lat' dir='ltr'><strong>tantum</strong></span> <span class='ocrx_word' id='word_1_59' title='bbox 1467 1241 1653 1310; x_wconf 90' lang='lat' dir='ltr'><strong>compertum</strong></span> 
     </span>
     <span class='ocr_line' id='line_1_8' title="bbox 318 1329 1654 1414; baseline 0.001 -23"><span class='ocrx_word' id='word_1_60' title='bbox 318 1333 476 1404; x_wconf 77' lang='lat' dir='ltr'><strong>habuimus</strong></span> <span class='ocrx_word' id='word_1_61' title='bbox 505 1353 544 1394; x_wconf 86' lang='lat' dir='ltr'><strong>ex</strong></span> <span class='ocrx_word' id='word_1_62' title='bbox 572 1335 658 1394; x_wconf 90' lang='lat' dir='ltr'><strong>titulo</strong></span> <span class='ocrx_word' id='word_1_63' title='bbox 681 1336 712 1394; x_wconf 93' lang='lat' dir='ltr'><strong>Il</strong></span> <span class='ocrx_word' id='word_1_64' title='bbox 736 1329 815 1394; x_wconf 88' lang='grc'>2915</span> <span class='ocrx_word' id='word_1_65' title='bbox 843 1345 960 1411; x_wconf 90' lang='lat' dir='ltr'><strong>reperto</strong></span> <span class='ocrx_word' id='word_1_66' title='bbox 986 1336 1041 1394; x_wconf 93' lang='lat' dir='ltr'><strong>illo</strong></span> <span class='ocrx_word' id='word_1_67' title='bbox 1062 1335 1130 1393; x_wconf 92' lang='lat' dir='ltr'><strong>inde</strong></span> <span class='ocrx_word' id='word_1_68' title='bbox 1151 1335 1250 1411; x_wconf 82' lang='lat' dir='ltr'><strong>leugis</strong></span> <span class='ocrx_word' id='word_1_69' title='bbox 1272 1336 1385 1413; x_wconf 81' lang='lat' dir='ltr'><strong>aliquot</strong></span> <span class='ocrx_word' id='word_1_70' title='bbox 1420 1335 1517 1414; x_wconf 87' lang='lat' dir='ltr'><strong>magis</strong></span> <span class='ocrx_word' id='word_1_71' title='bbox 1545 1352 1654 1392; x_wconf 87' lang='lat' dir='ltr'><strong>versus</strong></span> 
     </span>
     <span class='ocr_line' id='line_1_9' title="bbox 319 1427 1655 1515; baseline -0.001 -21"><span class='ocrx_word' id='word_1_72' title='bbox 319 1437 549 1512; x_wconf 79' lang='lat' dir='ltr'><strong>septentriones,</strong></span> <span class='ocrx_word' id='word_1_73' title='bbox 579 1438 630 1515; x_wconf 91' lang='lat' dir='ltr'><strong>qui</strong></span> <span class='ocrx_word' id='word_1_74' title='bbox 660 1438 798 1497; x_wconf 88' lang='lat' dir='ltr'><strong>stationis</strong></span> <span class='ocrx_word' id='word_1_75' title='bbox 819 1427 1119 1514; x_wconf 83' lang='lat' dir='ltr'><strong>Segisamonensium</strong></span> <span class='ocrx_word' id='word_1_76' title='bbox 1146 1437 1324 1497; x_wconf 84' lang='lat' dir='ltr'><strong>mentionem</strong></span> <span class='ocrx_word' id='word_1_77' title='bbox 1351 1439 1436 1509; x_wconf 86' lang='lat' dir='ltr'><strong>iacit,</strong></span> <span class='ocrx_word' id='word_1_78' title='bbox 1470 1437 1567 1496; x_wconf 87' lang='lat' dir='ltr'><strong>fuisse</strong></span> <span class='ocrx_word' id='word_1_79' title='bbox 1601 1445 1655 1494; x_wconf 90' lang='lat' dir='ltr'><strong>aut</strong></span> 
     </span>
     <span class='ocr_line' id='line_1_10' title="bbox 318 1535 1655 1618; baseline -0.001 -20"><span class='ocrx_word' id='word_1_80' title='bbox 318 1535 517 1616; x_wconf 83' lang='lat' dir='ltr'><strong>Segisamonc</strong></span> <span class='ocrx_word' id='word_1_81' title='bbox 545 1540 704 1600; x_wconf 88' lang='lat' dir='ltr'><strong>stationem</strong></span> <span class='ocrx_word' id='word_1_82' title='bbox 731 1540 858 1599; x_wconf 83' lang='lat' dir='ltr'><strong>sortasse</strong></span> <span class='ocrx_word' id='word_1_83' title='bbox 884 1541 1124 1616; x_wconf 83' lang='lat' dir='ltr'><strong>publicanorum,</strong></span> <span class='ocrx_word' id='word_1_84' title='bbox 1155 1548 1208 1598; x_wconf 90' lang='lat' dir='ltr'><strong>aut</strong></span> <span class='ocrx_word' id='word_1_85' title='bbox 1238 1559 1333 1618; x_wconf 88' lang='lat' dir='ltr'><strong>prope</strong></span> <span class='ocrx_word' id='word_1_86' title='bbox 1367 1538 1595 1617; x_wconf 76' lang='lat' dir='ltr'><strong>SegIsamonem</strong></span> <span class='ocrx_word' id='word_1_87' title='bbox 1622 1539 1655 1597; x_wconf 90' lang='lat' dir='ltr'><strong>in</strong></span> 
     </span>
     <span class='ocr_line' id='line_1_11' title="bbox 316 1639 1654 1720; baseline 0.003 -22"><span class='ocrx_word' id='word_1_88' title='bbox 316 1639 383 1698; x_wconf 92' lang='lat' dir='ltr'><strong>loco</strong></span> <span class='ocrx_word' id='word_1_89' title='bbox 405 1660 451 1712; x_wconf 92' lang='lat' dir='ltr'><strong>eo,</strong></span> <span class='ocrx_word' id='word_1_90' title='bbox 472 1659 532 1718; x_wconf 91' lang='lat' dir='ltr'><strong>quo</strong></span> <span class='ocrx_word' id='word_1_91' title='bbox 555 1642 659 1702; x_wconf 87' lang='lat' dir='ltr'><strong>titulus</strong></span> <span class='ocrx_word' id='word_1_92' title='bbox 681 1642 733 1702; x_wconf 91' lang='lat' dir='ltr'><strong>ille</strong></span> <span class='ocrx_word' id='word_1_93' title='bbox 754 1643 876 1720; x_wconf 76' lang='lat' dir='ltr'><strong>prodiit</strong></span> <span class='ocrx_word' id='word_1_94' title='bbox 920 1641 1008 1702; x_wconf 85' lang='lat' dir='ltr'><strong>Nunc</strong></span> <span class='ocrx_word' id='word_1_95' title='bbox 1037 1642 1148 1702; x_wconf 78' lang='lat' dir='ltr'><strong>tabella</strong></span> <span class='ocrx_word' id='word_1_96' title='bbox 1174 1643 1296 1720; x_wconf 89' lang='lat' dir='ltr'><strong>inipso</strong></span> <span class='ocrx_word' id='word_1_97' title='bbox 1325 1643 1385 1701; x_wconf 87' lang='lat' dir='ltr'><strong>situ</strong></span> <span class='ocrx_word' id='word_1_98' title='bbox 1410 1640 1514 1720; x_wconf 89' lang='lat' dir='ltr'><strong>oppidi</strong></span> <span class='ocrx_word' id='word_1_99' title='bbox 1541 1643 1654 1702; x_wconf 86' lang='lat' dir='ltr'><strong>veteris</strong></span> 
     </span>
     <span class='ocr_line' id='line_1_12' title="bbox 316 1742 1655 1822; baseline 0.001 -22"><span class='ocrx_word' id='word_1_100' title='bbox 316 1742 429 1800; x_wconf 81' lang='lat' dir='ltr'><strong>effossa</strong></span> <span class='ocrx_word' id='word_1_101' title='bbox 451 1750 481 1801; x_wconf 91' lang='lat' dir='ltr'><strong>et</strong></span> <span class='ocrx_word' id='word_1_102' title='bbox 502 1743 729 1804; x_wconf 85' lang='lat' dir='ltr'><strong>collocationem</strong></span> <span class='ocrx_word' id='word_1_103' title='bbox 751 1745 908 1804; x_wconf 90' lang='lat' dir='ltr'><strong>confirmat</strong></span> <span class='ocrx_word' id='word_1_104' title='bbox 929 1755 960 1804; x_wconf 90' lang='lat' dir='ltr'><strong>et</strong></span> <span class='ocrx_word' id='word_1_105' title='bbox 973 1765 1081 1806; x_wconf 89' lang='lat' dir='ltr'><strong>nomeu</strong></span> <span class='ocrx_word' id='word_1_106' title='bbox 1103 1745 1223 1818; x_wconf 82' lang='lat' dir='ltr'><strong>civium,</strong></span> <span class='ocrx_word' id='word_1_107' title='bbox 1245 1745 1326 1822; x_wconf 90' lang='lat' dir='ltr'><strong>quod</strong></span> <span class='ocrx_word' id='word_1_108' title='bbox 1341 1745 1484 1822; x_wconf 88' lang='lat' dir='ltr'><strong>scriptum</strong></span> <span class='ocrx_word' id='word_1_109' title='bbox 1508 1755 1557 1803; x_wconf 90' lang='lat' dir='ltr'><strong>est</strong></span> <span class='ocrx_word' id='word_1_110' title='bbox 1577 1764 1606 1803; x_wconf 90' lang='lat' dir='ltr'><strong>v.</strong></span> <span class='ocrx_word' id='word_1_111' title='bbox 1624 1745 1655 1814; x_wconf 89' lang='grc'><strong>5,</strong></span> 
     </span>
     <span class='ocr_line' id='line_1_13' title="bbox 319 1841 843 1922; baseline 0.004 -18"><span class='ocrx_word' id='word_1_112' title='bbox 319 1841 611 1922; x_wconf 83' lang='lat' dir='ltr'><strong>Segisamonensium</strong></span> <span class='ocrx_word' id='word_1_113' title='bbox 634 1865 702 1906; x_wconf 88' lang='lat' dir='ltr'><strong>esse</strong></span> <span class='ocrx_word' id='word_1_114' title='bbox 723 1847 843 1906; x_wconf 88' lang='lat' dir='ltr'><strong>indicat.</strong></span> 
     </span>
    </p>

    <p class='ocr_par' dir='ltr' id='par_1_4' title="bbox 318 1947 1657 2130">
     <span class='ocr_line' id='line_1_14' title="bbox 402 1947 1657 2029; baseline 0.002 -24"><span class='ocrx_word' id='word_1_115' title='bbox 402 1947 623 2024; x_wconf 82' lang='lat' dir='ltr'><strong>Interpretatio,</strong></span> <span class='ocrx_word' id='word_1_116' title='bbox 645 1968 736 2027; x_wconf 88' lang='lat' dir='ltr'><strong>quam</strong></span> <span class='ocrx_word' id='word_1_117' title='bbox 759 1952 916 2027; x_wconf 84' lang='lat' dir='ltr'><strong>proposui,</strong></span> <span class='ocrx_word' id='word_1_118' title='bbox 938 1952 1043 2028; x_wconf 87' lang='lat' dir='ltr'><strong>paucis</strong></span> <span class='ocrx_word' id='word_1_119' title='bbox 1066 1961 1132 2028; x_wconf 84' lang='lat' dir='ltr'><strong>eget</strong></span> <span class='ocrx_word' id='word_1_120' title='bbox 1147 1950 1408 2029; x_wconf 82' lang='lat' dir='ltr'><strong>explicationibus.</strong></span> <span class='ocrx_word' id='word_1_121' title='bbox 1454 1948 1657 2009; x_wconf 75' lang='lat' dir='ltr'><strong>Obseruantia</strong></span> 
     </span>
     <span class='ocr_line' id='line_1_15' title="bbox 318 2051 1544 2130; baseline 0.003 -24"><span class='ocrx_word' id='word_1_122' title='bbox 318 2055 390 2108; x_wconf 87' lang='lat' dir='ltr'><strong>sunt</strong></span> <span class='ocrx_word' id='word_1_123' title='bbox 410 2051 587 2110; x_wconf 79' lang='lat' dir='ltr'><strong>rusticitatis</strong></span> <span class='ocrx_word' id='word_1_124' title='bbox 609 2052 683 2112; x_wconf 88' lang='lat' dir='ltr'><strong>vitia</strong></span> <span class='ocrx_word' id='word_1_125' title='bbox 705 2053 859 2126; x_wconf 80' lang='lat' dir='ltr'><strong>nonnulla,</strong></span> <span class='ocrx_word' id='word_1_126' title='bbox 882 2053 927 2111; x_wconf 90' lang='lat' dir='ltr'><strong>illi</strong></span> <span class='ocrx_word' id='word_1_127' title='bbox 949 2054 1075 2129; x_wconf 87' lang='lat' dir='ltr'><strong>tempori</strong></span> <span class='ocrx_word' id='word_1_128' title='bbox 1095 2054 1201 2130; x_wconf 91' lang='lat' dir='ltr'><strong>illique</strong></span> <span class='ocrx_word' id='word_1_129' title='bbox 1230 2054 1297 2112; x_wconf 93' lang='lat' dir='ltr'><strong>loco</strong></span> <span class='ocrx_word' id='word_1_130' title='bbox 1320 2053 1544 2112; x_wconf 79' lang='lat' dir='ltr'><strong>convenientia:</strong></span> 
     </span>
    </p>

    <p class='ocr_par' dir='ltr' id='par_1_5' title="bbox 470 2154 1655 2540">
     <span class='ocr_line' id='line_1_16' title="bbox 470 2154 1655 2232; baseline 0.003 -22"><span class='ocrx_word' id='word_1_131' title='bbox 470 2167 550 2226; x_wconf 74' lang='grc' dir='ltr'>ενα,</span> <span class='ocrx_word' id='word_1_132' title='bbox 577 2154 816 2232; x_wconf 80' lang='lat' dir='ltr'><strong>suc[c(eperunt)]</strong></span> <span class='ocrx_word' id='word_1_133' title='bbox 844 2174 873 2213; x_wconf 88' lang='lat' dir='ltr'><strong>v.</strong></span> <span class='ocrx_word' id='word_1_134' title='bbox 899 2156 925 2212; x_wconf 94' lang='lat' dir='ltr'><strong>l.</strong></span> <span class='ocrx_word' id='word_1_135' title='bbox 983 2154 1063 2214; x_wconf 90' lang='lat' dir='ltr'><strong>Puto</strong></span> <span class='ocrx_word' id='word_1_136' title='bbox 1098 2157 1178 2214; x_wconf 91' lang='lat' dir='ltr'><strong>enim</strong></span> <span class='ocrx_word' id='word_1_137' title='bbox 1211 2156 1346 2214; x_wconf 88' lang='lat' dir='ltr'><strong>ultimam</strong></span> <span class='ocrx_word' id='word_1_138' title='bbox 1381 2154 1512 2214; x_wconf 82' lang='lat' dir='ltr'><strong>litterum</strong></span> <span class='ocrx_word' id='word_1_139' title='bbox 1550 2174 1655 2214; x_wconf 89' lang='lat' dir='ltr'><strong>errore</strong></span> 
     </span>
     <span class='ocr_line' id='line_1_17' title="bbox 520 2256 1655 2336; baseline 0.003 -23"><span class='ocrx_word' id='word_1_140' title='bbox 520 2256 648 2332; x_wconf 85' lang='lat' dir='ltr'><strong>positam</strong></span> <span class='ocrx_word' id='word_1_141' title='bbox 678 2275 745 2317; x_wconf 89' lang='lat' dir='ltr'><strong>esse</strong></span> <span class='ocrx_word' id='word_1_142' title='bbox 773 2276 829 2335; x_wconf 91' lang='lat' dir='ltr'><strong>pro</strong></span> <span class='ocrx_word' id='word_1_143' title='bbox 851 2274 879 2316; x_wconf 87' lang='lat' dir='ltr'><strong>c.</strong></span> <span class='ocrx_word' id='word_1_144' title='bbox 929 2257 977 2316; x_wconf 90' lang='lat' dir='ltr'><strong>Ita</strong></span> <span class='ocrx_word' id='word_1_145' title='bbox 998 2269 1128 2334; x_wconf 86' lang='lat' dir='ltr'><strong>succepto</strong></span> <span class='ocrx_word' id='word_1_146' title='bbox 1150 2259 1197 2317; x_wconf 91' lang='lat' dir='ltr'><strong>bis</strong></span> <span class='ocrx_word' id='word_1_147' title='bbox 1224 2258 1333 2336; x_wconf 85' lang='lat' dir='ltr'><strong>legitur</strong></span> <span class='ocrx_word' id='word_1_148' title='bbox 1353 2257 1385 2316; x_wconf 91' lang='lat'><strong>11</strong></span> <span class='ocrx_word' id='word_1_149' title='bbox 1409 2257 1477 2330; x_wconf 89' lang='grc'>136,</span> <span class='ocrx_word' id='word_1_150' title='bbox 1503 2269 1655 2334; x_wconf 79' lang='lat' dir='ltr'><strong>succeptus</strong></span> 
     </span>
     <span class='ocr_line' id='line_1_18' title="bbox 519 2358 1655 2438; baseline 0.003 -22"><span class='ocrx_word' id='word_1_151' title='bbox 519 2358 570 2416; x_wconf 89' lang='lat'><strong>111</strong></span> <span class='ocrx_word' id='word_1_152' title='bbox 599 2358 690 2418; x_wconf 89' lang='grc'>6423.</span> <span class='ocrx_word' id='word_1_153' title='bbox 728 2359 802 2418; x_wconf 88' lang='lat' dir='ltr'><strong>Nisi</strong></span> <span class='ocrx_word' id='word_1_154' title='bbox 830 2360 959 2419; x_wconf 86' lang='lat' dir='ltr'><strong>fortasse</strong></span> <span class='ocrx_word' id='word_1_155' title='bbox 988 2367 1123 2438; x_wconf 86' lang='lat' dir='ltr'><strong>praestat</strong></span> <span class='ocrx_word' id='word_1_156' title='bbox 1158 2375 1234 2418; x_wconf 80' lang='lat' dir='ltr'><strong>sves</strong></span> <span class='ocrx_word' id='word_1_157' title='bbox 1260 2369 1437 2436; x_wconf 79' lang='lat' dir='ltr'><strong>sucepcruut,</strong></span> <span class='ocrx_word' id='word_1_158' title='bbox 1465 2361 1509 2418; x_wconf 86' lang='lat' dir='ltr'><strong>ita</strong></span> <span class='ocrx_word' id='word_1_159' title='bbox 1530 2370 1564 2418; x_wconf 90' lang='lat' dir='ltr'><strong>ut</strong></span> <span class='ocrx_word' id='word_1_160' title='bbox 1586 2361 1655 2420; x_wconf 86' lang='lat' dir='ltr'><strong>subs</strong></span> 
     </span>
     <span class='ocr_line' id='line_1_19' title="bbox 521 2462 1433 2540; baseline 0.001 -20"><span class='ocrx_word' id='word_1_161' title='bbox 521 2479 571 2520; x_wconf 85' lang='lat' dir='ltr'><strong>sus</strong></span> <span class='ocrx_word' id='word_1_162' title='bbox 593 2480 653 2520; x_wconf 92' lang='lat' dir='ltr'><strong>non</strong></span> <span class='ocrx_word' id='word_1_163' title='bbox 675 2463 887 2536; x_wconf 84' lang='lat' dir='ltr'><strong>assimilatum,</strong></span> <span class='ocrx_word' id='word_1_164' title='bbox 910 2463 965 2522; x_wconf 91' lang='lat' dir='ltr'><strong>sed</strong></span> <span class='ocrx_word' id='word_1_165' title='bbox 985 2462 1087 2523; x_wconf 83' lang='lat' dir='ltr'><strong>littera</strong></span> <span class='ocrx_word' id='word_1_166' title='bbox 1107 2462 1190 2521; x_wconf 88' lang='lat' dir='ltr'><strong>finali</strong></span> <span class='ocrx_word' id='word_1_167' title='bbox 1212 2463 1361 2540; x_wconf 85' lang='lat' dir='ltr'><strong>privatum</strong></span> <span class='ocrx_word' id='word_1_168' title='bbox 1385 2463 1433 2521; x_wconf 85' lang='lat' dir='ltr'><strong>sit.</strong></span> 
     </span>
    </p>

    <p class='ocr_par' dir='ltr' id='par_1_6' title="bbox 468 2549 917 2624">
     <span class='ocr_line' id='line_1_20' title="bbox 468 2549 917 2624; baseline 0 -2"><span class='ocrx_word' id='word_1_169' title='bbox 468 2563 596 2624; x_wconf 66' lang='lat' dir='ltr'><strong>smitam</strong></span> <span class='ocrx_word' id='word_1_170' title='bbox 619 2584 646 2622; x_wconf 81' lang='lat' dir='ltr'><strong>v.</strong></span> <span class='ocrx_word' id='word_1_171' title='bbox 663 2563 702 2622; x_wconf 81' lang='lat' dir='ltr'><strong>as</strong></span> <span class='ocrx_word' id='word_1_172' title='bbox 906 2549 917 2572; x_wconf 73' lang='lat'><strong>⁴</strong></span> 
     </span>
    </p>

    <p class='ocr_par' dir='ltr' id='par_1_7' title="bbox 462 2665 709 2743">
     <span class='ocr_line' id='line_1_21' title="bbox 462 2665 709 2743; baseline 0.012 -19"><span class='ocrx_word' id='word_1_173' title='bbox 462 2665 601 2743; x_wconf 84' lang='lat' dir='ltr'><strong>Beb(ius)</strong></span> <span class='ocrx_word' id='word_1_174' title='bbox 624 2687 652 2725; x_wconf 84' lang='lat' dir='ltr'><strong>v.</strong></span> <span class='ocrx_word' id='word_1_175' title='bbox 669 2666 709 2727; x_wconf 91' lang='grc'>20</span> 
     </span>
    </p>

    <p class='ocr_par' dir='ltr' id='par_1_8' title="bbox 463 2771 790 2844">
     <span class='ocr_line' id='line_1_22' title="bbox 463 2771 790 2844; baseline 0.006 -18"><span class='ocrx_word' id='word_1_176' title='bbox 463 2774 706 2844; x_wconf 80' lang='lat' dir='ltr'><strong>prestantissimis</strong></span> <span class='ocrx_word' id='word_1_177' title='bbox 728 2771 790 2828; x_wconf 84' lang='lat' dir='ltr'>v.·4</span> 
     </span>
    </p>

    <p class='ocr_par' dir='ltr' id='par_1_9' title="bbox 465 2869 1059 2949">
     <span class='ocr_line' id='line_1_23' title="bbox 465 2869 1059 2949; baseline 0.007 -21"><span class='ocrx_word' id='word_1_178' title='bbox 465 2869 582 2931; x_wconf 76' lang='lat' dir='ltr'><strong>Valerio</strong></span> <span class='ocrx_word' id='word_1_179' title='bbox 605 2869 718 2931; x_wconf 82' lang='lat' dir='ltr'><strong>Seruus</strong></span> <span class='ocrx_word' id='word_1_180' title='bbox 735 2883 860 2949; x_wconf 78' lang='lat' dir='ltr'><strong>patrous</strong></span> <span class='ocrx_word' id='word_1_181' title='bbox 880 2882 976 2932; x_wconf 82' lang='lat' dir='ltr'><strong>nostre</strong></span> <span class='ocrx_word' id='word_1_182' title='bbox 998 2893 1025 2931; x_wconf 85' lang='lat' dir='ltr'><strong>v.</strong></span> <span class='ocrx_word' id='word_1_183' title='bbox 1042 2873 1059 2932; x_wconf 91' lang='lat'>8</span> 
     </span>
    </p>

    <p class='ocr_par' dir='ltr' id='par_1_10' title="bbox 464 2976 758 3047">
     <span class='ocr_line' id='line_1_24' title="bbox 464 2976 758 3047; baseline 0.007 -16"><span class='ocrx_word' id='word_1_184' title='bbox 464 2979 651 3047; x_wconf 79' lang='lat' dir='ltr'><strong>pectinarius</strong></span> <span class='ocrx_word' id='word_1_185' title='bbox 674 2994 702 3032; x_wconf 89' lang='lat' dir='ltr'><strong>v.</strong></span> <span class='ocrx_word' id='word_1_186' title='bbox 722 2976 758 3033; x_wconf 83' lang='lat'><strong>17</strong></span> 
     </span>
    </p>

    <p class='ocr_par' dir='ltr' id='par_1_11' title="bbox 467 3073 1652 3254">
     <span class='ocr_line' id='line_1_25' title="bbox 467 3073 1652 3155; baseline -0.003 -17"><span class='ocrx_word' id='word_1_187' title='bbox 467 3073 602 3138; x_wconf 84' lang='lat' dir='ltr'><strong>Nomina</strong></span> <span class='ocrx_word' id='word_1_188' title='bbox 625 3075 949 3137; x_wconf 80' lang='lat' dir='ltr'><strong>Graecanica-rustice</strong></span> <span class='ocrx_word' id='word_1_189' title='bbox 968 3079 1080 3155; x_wconf 84' lang='lat' dir='ltr'><strong>scriptu</strong></span> <span class='ocrx_word' id='word_1_190' title='bbox 1104 3076 1221 3154; x_wconf 82' lang='lat' dir='ltr'><strong>Caliope</strong></span> <span class='ocrx_word' id='word_1_191' title='bbox 1244 3096 1270 3134; x_wconf 86' lang='lat' dir='ltr'><strong>v.</strong></span> <span class='ocrx_word' id='word_1_192' title='bbox 1290 3078 1338 3149; x_wconf 94' lang='lat' dir='ltr'><strong>ll,</strong></span> <span class='ocrx_word' id='word_1_193' title='bbox 1360 3075 1532 3135; x_wconf 81' lang='lat' dir='ltr'><strong>Aeuuristus</strong></span> <span class='ocrx_word' id='word_1_194' title='bbox 1555 3095 1583 3135; x_wconf 81' lang='lat' dir='ltr'><strong>v.</strong></span> <span class='ocrx_word' id='word_1_195' title='bbox 1602 3075 1652 3148; x_wconf 87' lang='grc'>24,</span> 
     </span>
     <span class='ocr_line' id='line_1_26' title="bbox 517 3177 1643 3254; baseline 0.003 -18"><span class='ocrx_word' id='word_1_196' title='bbox 517 3177 658 3254; x_wconf 48' lang='lat' dir='ltr'><strong>Eudemus</strong></span> <span class='ocrx_word' id='word_1_197' title='bbox 680 3199 707 3239; x_wconf 88' lang='lat' dir='ltr'><strong>v.</strong></span> <span class='ocrx_word' id='word_1_198' title='bbox 732 3177 780 3252; x_wconf 92' lang='grc'><strong>22,</strong></span> <span class='ocrx_word' id='word_1_199' title='bbox 803 3181 914 3238; x_wconf 79' lang='lat' dir='ltr'><strong>Eleous</strong></span> <span class='ocrx_word' id='word_1_200' title='bbox 936 3200 963 3238; x_wconf 88' lang='lat' dir='ltr'><strong>v.</strong></span> <span class='ocrx_word' id='word_1_201' title='bbox 988 3179 1025 3238; x_wconf 89' lang='grc'><strong>23</strong></span> <span class='ocrx_word' id='word_1_202' title='bbox 1639 3191 1643 3198; x_wconf 87' lang='grc'><strong>’</strong></span> 
     </span>
    </p>

    <p class='ocr_par' dir='ltr' id='par_1_12' title="bbox 468 3279 1651 3462">
     <span class='ocr_line' id='line_1_27' title="bbox 468 3279 1651 3360; baseline 0.001 -20"><span class='ocrx_word' id='word_1_203' title='bbox 468 3279 656 3360; x_wconf 83' lang='lat' dir='ltr'><strong>Compendia</strong></span> <span class='ocrx_word' id='word_1_204' title='bbox 673 3283 840 3358; x_wconf 85' lang='lat' dir='ltr'><strong>scripturae</strong></span> <span class='ocrx_word' id='word_1_205' title='bbox 855 3283 1016 3342; x_wconf 88' lang='lat' dir='ltr'><strong>insolentia</strong></span> <span class='ocrx_word' id='word_1_206' title='bbox 1030 3293 1085 3354; x_wconf 88' lang='lat' dir='ltr'><strong>vot,</strong></span> <span class='ocrx_word' id='word_1_207' title='bbox 1099 3282 1202 3360; x_wconf 88' lang='lat' dir='ltr'><strong>suc[c],</strong></span> <span class='ocrx_word' id='word_1_208' title='bbox 1211 3283 1267 3357; x_wconf 85' lang='lat' dir='ltr'><strong>sel,</strong></span> <span class='ocrx_word' id='word_1_209' title='bbox 1283 3282 1357 3341; x_wconf 80' lang='lat' dir='ltr'><strong>libes</strong></span> <span class='ocrx_word' id='word_1_210' title='bbox 1372 3302 1399 3340; x_wconf 85' lang='lat' dir='ltr'><strong>v.</strong></span> <span class='ocrx_word' id='word_1_211' title='bbox 1419 3283 1445 3339; x_wconf 88' lang='lat'><strong>1.</strong></span> <span class='ocrx_word' id='word_1_212' title='bbox 1459 3280 1487 3354; x_wconf 88' lang='grc'><strong>2,</strong></span> <span class='ocrx_word' id='word_1_213' title='bbox 1502 3284 1538 3358; x_wconf 82' lang='lat' dir='ltr'><strong>sc</strong></span> <span class='ocrx_word' id='word_1_214' title='bbox 1552 3300 1581 3342; x_wconf 80' lang='lat' dir='ltr'><strong>v.</strong></span> <span class='ocrx_word' id='word_1_215' title='bbox 1593 3283 1610 3341; x_wconf 87' lang='grc'>3</span> <span class='ocrx_word' id='word_1_216' title='bbox 1622 3279 1651 3358; x_wconf 92' lang='lat'><strong>¹)</strong></span> 
     </span>
     <span class='ocr_line' id='line_1_28' title="bbox 518 3385 1217 3462; baseline -0.003 -19"><span class='ocrx_word' id='word_1_217' title='bbox 518 3385 610 3461; x_wconf 87' lang='lat' dir='ltr'><strong>spatii</strong></span> <span class='ocrx_word' id='word_1_218' title='bbox 632 3385 758 3461; x_wconf 87' lang='lat' dir='ltr'><strong>penuria</strong></span> <span class='ocrx_word' id='word_1_219' title='bbox 780 3385 882 3462; x_wconf 92' lang='lat' dir='ltr'><strong>aliquo</strong></span> <span class='ocrx_word' id='word_1_220' title='bbox 910 3385 997 3443; x_wconf 91' lang='lat' dir='ltr'><strong>modo</strong></span> <span class='ocrx_word' id='word_1_221' title='bbox 1025 3395 1217 3445; x_wconf 89' lang='lat' dir='ltr'><strong>excusantur.</strong></span> 
     </span>
    </p>

    <p class='ocr_par' dir='ltr' id='par_1_13' title="bbox 468 3483 1652 3873">
     <span class='ocr_line' id='line_1_29' title="bbox 468 3483 1652 3566; baseline -0.001 -20"><span class='ocrx_word' id='word_1_222' title='bbox 468 3483 625 3546; x_wconf 89' lang='lat' dir='ltr'><strong>Sodalium</strong></span> <span class='ocrx_word' id='word_1_223' title='bbox 645 3488 767 3546; x_wconf 90' lang='lat' dir='ltr'><strong>nomina</strong></span> <span class='ocrx_word' id='word_1_224' title='bbox 781 3487 941 3566; x_wconf 83' lang='lat' dir='ltr'><strong>gentilicia,</strong></span> <span class='ocrx_word' id='word_1_225' title='bbox 965 3488 1034 3547; x_wconf 89' lang='lat' dir='ltr'><strong>item</strong></span> <span class='ocrx_word' id='word_1_226' title='bbox 1049 3489 1217 3560; x_wconf 88' lang='lat' dir='ltr'><strong>mulierum,</strong></span> <span class='ocrx_word' id='word_1_227' title='bbox 1240 3488 1335 3547; x_wconf 90' lang='lat' dir='ltr'><strong>tribus</strong></span> <span class='ocrx_word' id='word_1_228' title='bbox 1356 3487 1464 3547; x_wconf 88' lang='lat' dir='ltr'><strong>litteris</strong></span> <span class='ocrx_word' id='word_1_229' title='bbox 1480 3487 1652 3548; x_wconf 86' lang='lat' dir='ltr'><strong>indicantur</strong></span> 
     </span>
     <span class='ocr_line' id='line_1_30' title="bbox 517 3589 1650 3667; baseline 0.002 -19"><span class='ocrx_word' id='word_1_230' title='bbox 517 3599 633 3649; x_wconf 86' lang='lat' dir='ltr'><strong>tautum</strong></span> <span class='ocrx_word' id='word_1_231' title='bbox 660 3608 720 3648; x_wconf 92' lang='lat' dir='ltr'><strong>non</strong></span> <span class='ocrx_word' id='word_1_232' title='bbox 749 3591 849 3647; x_wconf 85' lang='lat' dir='ltr'><strong>omnis</strong></span> <span class='ocrx_word' id='word_1_233' title='bbox 871 3590 1077 3667; x_wconf 86' lang='lat' dir='ltr'><strong>(excipiuntur</strong></span> <span class='ocrx_word' id='word_1_234' title='bbox 1098 3591 1225 3649; x_wconf 87' lang='lat' dir='ltr'><strong>Emilius</strong></span> <span class='ocrx_word' id='word_1_235' title='bbox 1249 3589 1396 3650; x_wconf 82' lang='lat' dir='ltr'><strong>Secundus</strong></span> <span class='ocrx_word' id='word_1_236' title='bbox 1419 3609 1446 3647; x_wconf 86' lang='lat' dir='ltr'><strong>v.</strong></span> <span class='ocrx_word' id='word_1_237' title='bbox 1470 3589 1510 3648; x_wconf 90' lang='grc'>25</span> <span class='ocrx_word' id='word_1_238' title='bbox 1533 3598 1564 3648; x_wconf 90' lang='lat' dir='ltr'><strong>et</strong></span> <span class='ocrx_word' id='word_1_239' title='bbox 1591 3591 1650 3650; x_wconf 81' lang='lat' dir='ltr'><strong>Va-</strong></span> 
     </span>
     <span class='ocr_line' id='line_1_31' title="bbox 519 3692 1650 3769; baseline 0.002 -20"><span class='ocrx_word' id='word_1_240' title='bbox 519 3692 593 3750; x_wconf 83' lang='lat' dir='ltr'><strong>leria</strong></span> <span class='ocrx_word' id='word_1_241' title='bbox 619 3693 719 3751; x_wconf 86' lang='lat' dir='ltr'><strong>Brittu</strong></span> <span class='ocrx_word' id='word_1_242' title='bbox 745 3711 772 3750; x_wconf 83' lang='lat' dir='ltr'><strong>v.</strong></span> <span class='ocrx_word' id='word_1_243' title='bbox 797 3693 848 3769; x_wconf 90' lang='grc'><strong>15)</strong></span> <span class='ocrx_word' id='word_1_244' title='bbox 882 3712 965 3752; x_wconf 90' lang='lat' dir='ltr'><strong>more</strong></span> <span class='ocrx_word' id='word_1_245' title='bbox 992 3702 1151 3766; x_wconf 89' lang='lat' dir='ltr'><strong>consueto,</strong></span> <span class='ocrx_word' id='word_1_246' title='bbox 1179 3693 1342 3752; x_wconf 88' lang='lat' dir='ltr'><strong>insolenter</strong></span> <span class='ocrx_word' id='word_1_247' title='bbox 1368 3699 1510 3769; x_wconf 86' lang='lat' dir='ltr'><strong>quattuor</strong></span> <span class='ocrx_word' id='word_1_248' title='bbox 1540 3692 1650 3753; x_wconf 87' lang='lat' dir='ltr'><strong>litteris</strong></span> 
     </span>
     <span class='ocr_line' id='line_1_32' title="bbox 520 3793 1411 3873; baseline 0.003 -21"><span class='ocrx_word' id='word_1_249' title='bbox 520 3793 690 3871; x_wconf 87' lang='lat' dir='ltr'><strong>Auti(stia),</strong></span> <span class='ocrx_word' id='word_1_250' title='bbox 713 3796 842 3854; x_wconf 88' lang='lat' dir='ltr'><strong>sirecte</strong></span> <span class='ocrx_word' id='word_1_251' title='bbox 865 3795 960 3854; x_wconf 77' lang='lat' dir='ltr'><strong>solvo·</strong></span> <span class='ocrx_word' id='word_1_252' title='bbox 1004 3866 1008 3873; x_wconf 89' lang='lat'><strong>.</strong></span> <span class='ocrx_word' id='word_1_253' title='bbox 1409 3799 1411 3802; x_wconf 80' lang='grc'><strong>’</strong></span> 
     </span>
    </p>

    <p class='ocr_par' dir='ltr' id='par_1_14' title="bbox 467 3895 1648 4077">
     <span class='ocr_line' id='line_1_33' title="bbox 467 3895 1648 3977; baseline 0.003 -21"><span class='ocrx_word' id='word_1_254' title='bbox 467 3895 587 3956; x_wconf 83' lang='lat' dir='ltr'><strong>Puncta</strong></span> <span class='ocrx_word' id='word_1_255' title='bbox 608 3897 784 3975; x_wconf 87' lang='lat' dir='ltr'><strong>plerumque</strong></span> <span class='ocrx_word' id='word_1_256' title='bbox 806 3898 932 3971; x_wconf 83' lang='lat' dir='ltr'><strong>omissa3</strong></span> <span class='ocrx_word' id='word_1_257' title='bbox 955 3899 1006 3958; x_wconf 91' lang='lat' dir='ltr'><strong>ubi</strong></span> <span class='ocrx_word' id='word_1_258' title='bbox 1021 3898 1123 3977; x_wconf 85' lang='lat' dir='ltr'><strong>posita</strong></span> <span class='ocrx_word' id='word_1_259' title='bbox 1138 3909 1219 3974; x_wconf 91' lang='lat' dir='ltr'><strong>sunt,</strong></span> <span class='ocrx_word' id='word_1_260' title='bbox 1241 3909 1275 3959; x_wconf 92' lang='lat' dir='ltr'><strong>ut</strong></span> <span class='ocrx_word' id='word_1_261' title='bbox 1289 3919 1317 3958; x_wconf 89' lang='lat' dir='ltr'><strong>v.</strong></span> <span class='ocrx_word' id='word_1_262' title='bbox 1336 3901 1382 3959; x_wconf 89' lang='lat'><strong>13.</strong></span> <span class='ocrx_word' id='word_1_263' title='bbox 1402 3900 1450 3957; x_wconf 90' lang='grc'><strong>14.</strong></span> <span class='ocrx_word' id='word_1_264' title='bbox 1468 3899 1515 3958; x_wconf 89' lang='grc'><strong>16.</strong></span> <span class='ocrx_word' id='word_1_265' title='bbox 1533 3897 1582 3958; x_wconf 90' lang='grc'>21.</span> <span class='ocrx_word' id='word_1_266' title='bbox 1599 3898 1648 3959; x_wconf 85' lang='grc'>24.</span> 
     </span>
     <span class='ocr_line' id='line_1_34' title="bbox 520 3998 1019 4077; baseline 0.002 -20"><span class='ocrx_word' id='word_1_267' title='bbox 520 3998 570 4072; x_wconf 89' lang='grc'>25,</span> <span class='ocrx_word' id='word_1_268' title='bbox 591 4000 681 4060; x_wconf 90' lang='lat' dir='ltr'><strong>nimis</strong></span> <span class='ocrx_word' id='word_1_269' title='bbox 704 4000 830 4077; x_wconf 85' lang='lat' dir='ltr'><strong>grandia</strong></span> <span class='ocrx_word' id='word_1_270' title='bbox 852 4008 1019 4059; x_wconf 82' lang='lat' dir='ltr'><strong>evaserunt.</strong></span> 
     </span>
    </p>

    <p class='ocr_par' dir='ltr' id='par_1_15' title="bbox 312 4099 1650 4900">
     <span class='ocr_line' id='line_1_35' title="bbox 397 4099 1649 4184; baseline 0.004 -23"><span class='ocrx_word' id='word_1_271' title='bbox 397 4099 531 4161; x_wconf 85' lang='lat' dir='ltr'><strong>Nomina</strong></span> <span class='ocrx_word' id='word_1_272' title='bbox 551 4110 612 4162; x_wconf 90' lang='lat' dir='ltr'><strong>tam</strong></span> <span class='ocrx_word' id='word_1_273' title='bbox 633 4115 830 4184; x_wconf 75' lang='lat' dir='ltr'><strong>patronorum</strong></span> <span class='ocrx_word' id='word_1_274' title='bbox 858 4121 948 4180; x_wconf 89' lang='lat' dir='ltr'><strong>quam</strong></span> <span class='ocrx_word' id='word_1_275' title='bbox 977 4103 1126 4163; x_wconf 86' lang='lat' dir='ltr'><strong>sodalium</strong></span> <span class='ocrx_word' id='word_1_276' title='bbox 1154 4105 1186 4163; x_wconf 94' lang='lat' dir='ltr'><strong>in</strong></span> <span class='ocrx_word' id='word_1_277' title='bbox 1212 4104 1351 4165; x_wconf 85' lang='lat' dir='ltr'><strong>laterculi</strong></span> <span class='ocrx_word' id='word_1_278' title='bbox 1378 4103 1505 4164; x_wconf 85' lang='lat' dir='ltr'><strong>formam</strong></span> <span class='ocrx_word' id='word_1_279' title='bbox 1526 4107 1649 4166; x_wconf 82' lang='lat' dir='ltr'><strong>redacta</strong></span> 
     </span>
     <span class='ocr_line' id='line_1_36' title="bbox 317 4205 1650 4284; baseline 0.004 -21"><span class='ocrx_word' id='word_1_280' title='bbox 317 4212 397 4277; x_wconf 87' lang='lat' dir='ltr'><strong>sunt,</strong></span> <span class='ocrx_word' id='word_1_281' title='bbox 424 4205 468 4264; x_wconf 84' lang='lat' dir='ltr'><strong>ita</strong></span> <span class='ocrx_word' id='word_1_282' title='bbox 488 4215 521 4263; x_wconf 90' lang='lat' dir='ltr'><strong>ut</strong></span> <span class='ocrx_word' id='word_1_283' title='bbox 541 4224 589 4263; x_wconf 85' lang='lat' dir='ltr'><strong>vv.</strong></span> <span class='ocrx_word' id='word_1_284' title='bbox 608 4205 707 4264; x_wconf 85' lang='lat'>7-11</span> <span class='ocrx_word' id='word_1_285' title='bbox 732 4206 854 4264; x_wconf 88' lang='lat' dir='ltr'><strong>nomina</strong></span> <span class='ocrx_word' id='word_1_286' title='bbox 874 4214 1068 4281; x_wconf 86' lang='lat' dir='ltr'><strong>patronorum</strong></span> <span class='ocrx_word' id='word_1_287' title='bbox 1090 4208 1226 4278; x_wconf 83' lang='lat' dir='ltr'><strong>alteram,</strong></span> <span class='ocrx_word' id='word_1_288' title='bbox 1249 4207 1429 4284; x_wconf 85' lang='lat' dir='ltr'><strong>cognomina</strong></span> <span class='ocrx_word' id='word_1_289' title='bbox 1451 4208 1579 4268; x_wconf 83' lang='lat' dir='ltr'><strong>alteram</strong></span> <span class='ocrx_word' id='word_1_290' title='bbox 1601 4229 1650 4268; x_wconf 91' lang='lat' dir='ltr'><strong>co-</strong></span> 
     </span>
     <span class='ocr_line' id='line_1_37' title="bbox 315 4305 1650 4389; baseline 0.004 -25"><span class='ocrx_word' id='word_1_291' title='bbox 315 4306 448 4365; x_wconf 86' lang='lat' dir='ltr'><strong>lumnam</strong></span> <span class='ocrx_word' id='word_1_292' title='bbox 470 4305 615 4378; x_wconf 79' lang='lat' dir='ltr'><strong>efficiant3</strong></span> <span class='ocrx_word' id='word_1_293' title='bbox 644 4307 733 4365; x_wconf 90' lang='lat' dir='ltr'><strong>tertia</strong></span> <span class='ocrx_word' id='word_1_294' title='bbox 760 4307 834 4367; x_wconf 88' lang='lat' dir='ltr'><strong>solis</strong></span> <span class='ocrx_word' id='word_1_295' title='bbox 861 4308 1015 4367; x_wconf 81' lang='lat' dir='ltr'><strong>vocabulis</strong></span> <span class='ocrx_word' id='word_1_296' title='bbox 1038 4317 1162 4384; x_wconf 83' lang='lat' dir='ltr'><strong>patrone</strong></span> <span class='ocrx_word' id='word_1_297' title='bbox 1183 4321 1278 4369; x_wconf 74' lang='lat' dir='ltr'><strong>nosue</strong></span> <span class='ocrx_word' id='word_1_298' title='bbox 1299 4320 1420 4370; x_wconf 89' lang='lat' dir='ltr'><strong>constat</strong></span> <span class='ocrx_word' id='word_1_299' title='bbox 1446 4309 1483 4370; x_wconf 89' lang='lat' dir='ltr'><strong>ad</strong></span> <span class='ocrx_word' id='word_1_300' title='bbox 1504 4321 1650 4389; x_wconf 83' lang='lat' dir='ltr'><strong>patronae</strong></span> 
     </span>
     <span class='ocr_line' id='line_1_38' title="bbox 315 4409 1650 4489; baseline 0.005 -23"><span class='ocrx_word' id='word_1_301' title='bbox 315 4409 405 4468; x_wconf 88' lang='lat' dir='ltr'><strong>unius</strong></span> <span class='ocrx_word' id='word_1_302' title='bbox 431 4410 553 4468; x_wconf 86' lang='lat' dir='ltr'><strong>nomina</strong></span> <span class='ocrx_word' id='word_1_303' title='bbox 579 4409 719 4482; x_wconf 79' lang='lat' dir='ltr'><strong>adiectis,</strong></span> <span class='ocrx_word' id='word_1_304' title='bbox 756 4411 827 4487; x_wconf 88' lang='lat' dir='ltr'><strong>quia</strong></span> <span class='ocrx_word' id='word_1_305' title='bbox 862 4410 980 4486; x_wconf 87' lang='lat' dir='ltr'><strong>patroni</strong></span> <span class='ocrx_word' id='word_1_306' title='bbox 1006 4411 1066 4468; x_wconf 87' lang='lat' dir='ltr'><strong>iam</strong></span> <span class='ocrx_word' id='word_1_307' title='bbox 1093 4429 1186 4488; x_wconf 83' lang='lat' dir='ltr'><strong>supra</strong></span> <span class='ocrx_word' id='word_1_308' title='bbox 1217 4413 1248 4469; x_wconf 93' lang='lat' dir='ltr'><strong>in</strong></span> <span class='ocrx_word' id='word_1_309' title='bbox 1274 4414 1510 4489; x_wconf 88' lang='lat' dir='ltr'><strong>praescriptione</strong></span> <span class='ocrx_word' id='word_1_310' title='bbox 1539 4414 1650 4473; x_wconf 88' lang='lat' dir='ltr'><strong>diserte</strong></span> 
     </span>
     <span class='ocr_line' id='line_1_39' title="bbox 313 4512 1650 4592; baseline 0.005 -23"><span class='ocrx_word' id='word_1_311' title='bbox 313 4512 458 4589; x_wconf 82' lang='lat' dir='ltr'><strong>appellati</strong></span> <span class='ocrx_word' id='word_1_312' title='bbox 481 4521 551 4571; x_wconf 89' lang='lat' dir='ltr'><strong>suut</strong></span> <span class='ocrx_word' id='word_1_313' title='bbox 578 4517 699 4589; x_wconf 82' lang='lat' dir='ltr'><strong>patroni</strong></span> <span class='ocrx_word' id='word_1_314' title='bbox 719 4515 918 4572; x_wconf 81' lang='lat' dir='ltr'><strong>mercutissimi</strong></span> <span class='ocrx_word' id='word_1_315' title='bbox 953 4523 979 4579; x_wconf 87' lang='lat' dir='ltr'><strong>et</strong></span> <span class='ocrx_word' id='word_1_316' title='bbox 991 4513 1187 4590; x_wconf 79' lang='lat' dir='ltr'><strong>se(licissimi)</strong></span> <span class='ocrx_word' id='word_1_317' title='bbox 1220 4526 1245 4574; x_wconf 88' lang='lat' dir='ltr'><strong>ct</strong></span> <span class='ocrx_word' id='word_1_318' title='bbox 1268 4519 1492 4592; x_wconf 78' lang='lat' dir='ltr'><strong>prestantissimi</strong></span> <span class='ocrx_word' id='word_1_319' title='bbox 1520 4527 1548 4576; x_wconf 85' lang='lat' dir='ltr'><strong>et</strong></span> <span class='ocrx_word' id='word_1_320' title='bbox 1569 4522 1650 4592; x_wconf 81' lang='lat' dir='ltr'><strong>pien-</strong></span> 
     </span>
     <span class='ocr_line' id='line_1_40' title="bbox 313 4613 1650 4695; baseline 0.005 -25"><span class='ocrx_word' id='word_1_321' title='bbox 313 4618 427 4680; x_wconf 83' lang='lat' dir='ltr'><strong>tissimi.</strong></span> <span class='ocrx_word' id='word_1_322' title='bbox 472 4613 611 4684; x_wconf 79' lang='lat' dir='ltr'><strong>(leterum</strong></span> <span class='ocrx_word' id='word_1_323' title='bbox 635 4616 765 4673; x_wconf 86' lang='lat' dir='ltr'><strong>observa</strong></span> <span class='ocrx_word' id='word_1_324' title='bbox 785 4635 814 4674; x_wconf 89' lang='lat' dir='ltr'><strong>v.</strong></span> <span class='ocrx_word' id='word_1_325' title='bbox 831 4615 849 4673; x_wconf 86' lang='grc'>2</span> <span class='ocrx_word' id='word_1_326' title='bbox 865 4615 964 4674; x_wconf 80' lang='lat' dir='ltr'><strong>Pressi</strong></span> <span class='ocrx_word' id='word_1_327' title='bbox 985 4634 1150 4694; x_wconf 85' lang='lat' dir='ltr'><strong>cognomen</strong></span> <span class='ocrx_word' id='word_1_328' title='bbox 1171 4617 1245 4676; x_wconf 89' lang='lat' dir='ltr'><strong>mihi</strong></span> <span class='ocrx_word' id='word_1_329' title='bbox 1265 4636 1393 4689; x_wconf 89' lang='lat' dir='ltr'><strong>novum;</strong></span> <span class='ocrx_word' id='word_1_330' title='bbox 1416 4619 1650 4695; x_wconf 85' lang='lat' dir='ltr'><strong>comparandum</strong></span> 
     </span>
     <span class='ocr_line' id='line_1_41' title="bbox 315 4714 1650 4799; baseline 0.005 -27"><span class='ocrx_word' id='word_1_331' title='bbox 315 4714 391 4774; x_wconf 90' lang='lat' dir='ltr'><strong>illud</strong></span> <span class='ocrx_word' id='word_1_332' title='bbox 413 4735 479 4775; x_wconf 90' lang='lat' dir='ltr'><strong>cum</strong></span> <span class='ocrx_word' id='word_1_333' title='bbox 503 4714 648 4776; x_wconf 77' lang='lat' dir='ltr'><strong>concessi</strong></span> <span class='ocrx_word' id='word_1_334' title='bbox 670 4717 776 4776; x_wconf 86' lang='lat' dir='ltr'><strong>Habiti</strong></span> <span class='ocrx_word' id='word_1_335' title='bbox 791 4717 890 4776; x_wconf 88' lang='lat' dir='ltr'><strong>Taciti</strong></span> <span class='ocrx_word' id='word_1_336' title='bbox 913 4726 942 4776; x_wconf 93' lang='lat' dir='ltr'><strong>et</strong></span> <span class='ocrx_word' id='word_1_337' title='bbox 965 4717 1032 4776; x_wconf 81' lang='lat' dir='ltr'><strong>aliis</strong></span> <span class='ocrx_word' id='word_1_338' title='bbox 1048 4719 1227 4794; x_wconf 90' lang='lat' dir='ltr'><strong>quibusdam</strong></span> <span class='ocrx_word' id='word_1_339' title='bbox 1248 4721 1314 4780; x_wconf 90' lang='lat' dir='ltr'><strong>eius</strong></span> <span class='ocrx_word' id='word_1_340' title='bbox 1328 4721 1448 4799; x_wconf 84' lang='lat' dir='ltr'><strong>generis</strong></span> <span class='ocrx_word' id='word_1_341' title='bbox 1470 4723 1542 4782; x_wconf 90' lang='lat' dir='ltr'><strong>item</strong></span> <span class='ocrx_word' id='word_1_342' title='bbox 1564 4723 1650 4781; x_wconf 82' lang='lat' dir='ltr'><strong>raris.</strong></span> 
     </span>
     <span class='ocr_line' id='line_1_42' title="bbox 312 4817 1650 4900; baseline 0.004 -24"><span class='ocrx_word' id='word_1_343' title='bbox 312 4817 371 4876; x_wconf 82' lang='lat' dir='ltr'><strong>Vs.</strong></span> <span class='ocrx_word' id='word_1_344' title='bbox 402 4817 523 4879; x_wconf 89' lang='grc'>12-26</span> <span class='ocrx_word' id='word_1_345' title='bbox 573 4830 714 4880; x_wconf 88' lang='lat' dir='ltr'><strong>secuntur</strong></span> <span class='ocrx_word' id='word_1_346' title='bbox 756 4819 903 4878; x_wconf 90' lang='lat' dir='ltr'><strong>sodalium</strong></span> <span class='ocrx_word' id='word_1_347' title='bbox 941 4819 1110 4896; x_wconf 90' lang='lat' dir='ltr'><strong>quindecim</strong></span> <span class='ocrx_word' id='word_1_348' title='bbox 1157 4823 1279 4880; x_wconf 88' lang='lat' dir='ltr'><strong>nomina</strong></span> <span class='ocrx_word' id='word_1_349' title='bbox 1316 4823 1469 4900; x_wconf 74' lang='lat' dir='ltr'><strong>disposita·</strong></span> <span class='ocrx_word' id='word_1_350' title='bbox 1506 4825 1650 4884; x_wconf 89' lang='lat' dir='ltr'><strong>columnis</strong></span> 
     </span>
    </p>
   </div>
   <div class='ocr_carea' id='block_1_3' title="bbox 317 5003 520 5014">
    <p class='ocr_par' dir='ltr' id='par_1_16' title="bbox 317 5003 520 5014">
     <span class='ocr_line' id='line_1_43' title="bbox 317 5003 520 5014; baseline 0.015 -2"><span class='ocrx_word' id='word_1_351' title='bbox 317 5003 520 5014; x_wconf 73' lang='lat'><strong>--—-..-—</strong></span> 
     </span>
    </p>
   </div>
   <div class='ocr_carea' id='block_1_4' title="bbox 312 5123 1650 5306">
    <p class='ocr_par' dir='ltr' id='par_1_17' title="bbox 312 5123 1650 5306">
     <span class='ocr_line' id='line_1_44' title="bbox 351 5123 1650 5226; baseline 0.007 -31"><span class='ocrx_word' id='word_1_352' title='bbox 351 5205 356 5226; x_wconf 45' lang='grc' dir='ltr'><strong><em>Ι</em></strong></span> <span class='ocrx_word' id='word_1_353' title='bbox 419 5145 442 5209; x_wconf 91' lang='lat'><strong>¹)</strong></span> <span class='ocrx_word' id='word_1_354' title='bbox 480 5147 539 5199; x_wconf 85' lang='lat' dir='ltr'><strong>Nisi</strong></span> <span class='ocrx_word' id='word_1_355' title='bbox 571 5147 598 5198; x_wconf 90' lang='lat' dir='ltr'><strong>in</strong></span> <span class='ocrx_word' id='word_1_356' title='bbox 631 5161 722 5204; x_wconf 69' lang='grc' dir='ltr'>ετιεε</span> <span class='ocrx_word' id='word_1_357' title='bbox 741 5155 865 5212; x_wconf 82' lang='lat' dir='ltr'><strong>patronae</strong></span> <span class='ocrx_word' id='word_1_358' title='bbox 885 5149 960 5198; x_wconf 90' lang='lat' dir='ltr'><strong>unius</strong></span> <span class='ocrx_word' id='word_1_359' title='bbox 976 5148 1090 5200; x_wconf 88' lang='lat' dir='ltr'><strong>mulieris</strong></span> <span class='ocrx_word' id='word_1_360' title='bbox 1110 5123 1207 5200; x_wconf 86' lang='lat' dir='ltr'><strong>mentio</strong></span> <span class='ocrx_word' id='word_1_361' title='bbox 1222 5150 1349 5216; x_wconf 85' lang='lat' dir='ltr'><strong>quaedam</strong></span> <span class='ocrx_word' id='word_1_362' title='bbox 1368 5152 1431 5203; x_wconf 84' lang='lat' dir='ltr'><strong>latet</strong></span> <span class='ocrx_word' id='word_1_363' title='bbox 1449 5153 1543 5204; x_wconf 85' lang='lat' dir='ltr'><strong>inscite</strong></span> <span class='ocrx_word' id='word_1_364' title='bbox 1562 5154 1650 5204; x_wconf 79' lang='lat' dir='ltr'><strong>addita</strong></span> 
     </span>
     <span class='ocr_line' id='line_1_45' title="bbox 312 5239 832 5306; baseline 0.008 -17"><span class='ocrx_word' id='word_1_365' title='bbox 312 5239 344 5289; x_wconf 87' lang='lat' dir='ltr'><strong>ab</strong></span> <span class='ocrx_word' id='word_1_366' title='bbox 369 5255 400 5290; x_wconf 89' lang='lat' dir='ltr'><strong>eo</strong></span> <span class='ocrx_word' id='word_1_367' title='bbox 422 5241 466 5306; x_wconf 91' lang='lat' dir='ltr'><strong>qui</strong></span> <span class='ocrx_word' id='word_1_368' title='bbox 484 5241 586 5292; x_wconf 90' lang='lat' dir='ltr'><strong>titulum</strong></span> <span class='ocrx_word' id='word_1_369' title='bbox 608 5243 635 5292; x_wconf 89' lang='lat' dir='ltr'><strong>in</strong></span> <span class='ocrx_word' id='word_1_370' title='bbox 655 5257 714 5293; x_wconf 84' lang='lat' dir='ltr'><strong>aere</strong></span> <span class='ocrx_word' id='word_1_371' title='bbox 733 5243 832 5294; x_wconf 85' lang='lat' dir='ltr'><strong>incidit.</strong></span> 
     </span>
    </p>
   </div>
   <div class='ocr_carea' id='block_1_5' title="bbox 0 0 1774 5828">
    <p class='ocr_par' dir='ltr' id='par_1_18' title="bbox 0 0 1774 5828">
     <span class='ocr_line' id='line_1_46' title="bbox 0 0 1774 5828; baseline 0 4"><span class='ocrx_word' id='word_1_372' title='bbox 0 0 1774 5828; x_wconf 95' lang='lat' dir='ltr'><strong> </strong></span> 
     </span>
    </p>
   </div>
  </div>
 </body>
</html>
