3510 5820
609 509 761 563 uramur
778 509 977 562 sasamon.
1408 491 1453 562 21

123 685 267 761 (tertium
294 704 404 744 nomen
431 701 490 742 non
520 683 648 760 extrica)
676 681 827 744 Gallicani
853 684 910 744 viri
936 685 1146 761 consularisl)
1173 685 1339 763 horumque
1364 686 1457 745 filiam

123 785 299 847 Corneliam
321 785 520 866 Cethegillam
551 795 651 846 statua
678 787 852 846 honoratam
879 805 918 846 ex
946 797 1067 846 senatus
1094 787 1257 864 populique
1282 788 1455 866 Mytilenaei

123 891 312 950 auctoritate.
350 887 487 964 Quorum
509 889 663 962 hominnm
685 896 812 948 aetatem
834 891 862 948 si
884 890 1055 967 quaerimus
1078 909 1166 948 unum
1189 900 1237 949 est
1257 908 1310 949 cur
1325 899 1457 950 vetemur

122 993 214 1051 nimis
240 993 397 1069 antiquum
423 991 540 1051 titulum
567 1001 683 1070 putare.
726 991 890 1052 verissime
913 1011 1044 1068 saepen
1065 993 1167 1050 multis
1190 994 1380 1053 observatum
1401 1001 1457 1066 est,

124 1103 242 1168 veteres
270 1095 445 1154 mulieribus
472 1094 612 1173 publicos
638 1095 768 1154 honores
795 1094 935 1154 tribuisse
962 1096 1058 1172 magis
1084 1096 1116 1154 in
1142 1095 1287 1154 maiorum
1315 1113 1403 1171 quam
1425 1097 1457 1156 in

123 1199 259 1276 ipsarum
280 1199 423 1257 honorem
445 1207 475 1256 et
496 1197 633 1274 gratiam.
666 1197 737 1255 Iure
757 1196 849 1275 igitur
869 1216 929 1256 non
953 1197 1048 1256 solnm
1070 1205 1156 1274 pater
1177 1204 1207 1256 et
1227 1208 1332 1270 mater,
1353 1218 1455 1258 verum

124 1320 200 1361 avus
228 1318 350 1377 quoque
378 1297 566 1376 Cethegillae
595 1299 838 1360 honorificentius
864 1301 1048 1373 nominatur;
1082 1317 1185 1360 omnes
1211 1299 1288 1358 enim
1317 1301 1392 1359 bene
1419 1301 1456 1362 de

123 1403 222 1480 patria
247 1403 345 1462 meriti
372 1402 500 1461 fuerant.
544 1399 615 1491 Non
641 1401 768 1461 adicitur
789 1402 983 1481 Theophanis
1009 1421 1132 1474 nomen,
1160 1393 1249 1480 quein
1275 1403 1455 1462 caelestibus

123 1505 199 1564 adeo
226 1504 393 1564 honoribus
423 1504 578 1563 coluerant
605 1504 793 1581 Mytilenaei,
822 1506 899 1564 hanc
925 1506 1032 1583 opinor
1056 1512 1179 1582 propter
1206 1522 1345 1576 causam,
1374 1507 1455 1583 quod

121 1607 217 1666 nlmia
251 1607 396 1685 temporis
431 1605 653 1682 intercapedine
686 1606 751 1665 eius
783 1608 927 1668 memoria
957 1627 976 1666 a
1007 1607 1194 1684 Cethegillae
1225 1608 1338 1667 honore
1370 1627 1454 1685 sepa·

121 1718 192 1770 rata
217 1709 284 1769 luit.

122 1970 263 2030 XXIIII.
306 1969 431 2030 Ibidem.

671 2098 798 2184 Ἀ’γᾶθοο
818 2095 904 2185 τύχοι

206 2209 226 2269 ἁ
247 2202 348 2276 lidiche
368 2201 417 2269 aci
437 2209 452 2269 d
476 2204 567 2280 δᾶμος
588 2202 782 2288 ἐτεῖμα[σ]ο·ιν
795 2199 941 2268 Μᾶδοστον
955 2205 1134 2268 Ἀπολλωνιω
1152 2211 1193 2266 rui
1204 2200 1347 2272 Adhiwvos
1362 2203 1453 2268 παῖδα

205 2307 385 2372 ’snesanch
408 2316 448 2372 rai
469 2303 694 2397 γυμνασοοῖρχω,
715 2307 762 2370 rdv
784 2302 972 2389 ἀγωνοθέτου
994 2301 1041 2370 καὶ
1063 2304 1308 2396 παναγυριάρχον.

121 2506 177 2564 BIs
199 2505 347 2582 reperitur
369 2505 473 2566 titulus
494 2505 526 2564 in
548 2505 685 2564 Pariana
706 2503 832 2581 sylloge,
854 2503 937 2563 nulla
956 2503 1019 2564 lere
1040 2503 1177 2564 lectionis
1198 2504 1409 2581 discrepantia.

205 2607 298 2666 Aulio
325 2617 355 2666 et
375 2608 483 2667 Aulius
511 2607 587 2666 duae
609 2607 747 2666 diversae
768 2606 902 2666 eiusdem
924 2605 1028 2684 stirpis
1049 2607 1243 2666 formationes
1266 2619 1349 2678 sunt,
1376 2607 1453 2668 sicut

122 2709 258 2787 Vergilio
286 2718 316 2770 et
337 2710 504 2787 Vergilius,
528 2707 603 2769 cao
630 2719 660 2767 et
682 2706 792 2780 Catus,
819 2709 880 2767 alia
906 2709 1009 2766 multu.
1053 2701 1145 2764 παῖδα
1174 2709 1349 2769 vocabulum
1377 2709 1451 2769 satis

120 2813 299 2890 impeditum
321 2814 419 2872 locum
441 2791 567 2889 occupat
588 2811 717 2870 medium
737 2811 815 2870 inter
837 2810 896 2871 duo
918 2811 967 2868 avi
988 2810 1122 2882 nomina,
1145 2812 1246 2870 nescio
1267 2812 1454 2889 quadratarii

119 2916 312 2993 neglegentia
342 2934 380 2974 an
407 2915 546 2992 quaesita
575 2913 705 2973 auctoris
736 2913 893 2991 elegantia.
944 2913 1105 2972 Manileato
1131 2922 1230 2974 autem
1258 2915 1376 2974 additur
1403 2917 1453 2975 ari

118 3037 230 3077 nomen
257 3019 437 3096 hacpropter'
462 3016 542 3095 qnod
566 3035 689 3076 munere
710 3015 830 3092 publico
853 3015 971 3074 functus
993 3015 1187 3075 honorificam
1210 3018 1257 3076 sui
1277 3019 1451 3078 memoriam

118 3120 293 3198 reliquerat.

65 3363 76 3383 Ι
117 3379 395 3442 xxv-xxvn.
438 3380 552 3441 Ibidem
581 3379 655 3439 Pac.
697 3379 748 3437 Ad
774 3379 919 3440 circulare
945 3397 1143 3438 marmoreum
1170 3380 1288 3458 epistile
1315 3382 1450 3460 esculapi

160 3485 363 3562 antiquissimi
386 3484 490 3561 templi
512 3492 542 3542 et
563 3484 665 3560 ntique
688 3481 875 3560 (antiquael)
897 3481 1004 3541 dianae
1024 3481 1158 3542 thermae
1178 3483 1244 3542 Pul.

1 3647 7 3654 Α
117 3674 223 3735 XXV.
276 3674 415 3752 ....ο[ς]
435 3663 722 3752 Ἀο-κ[λοο]π[ο]α’[δα]
744 3665 817 3758 ipsus
839 3665 887 3732 did
909 3672 913 3750 Ι
937 3662 1033 3751 pineas
1053 3673 1094 3730 rui
1108 3671 1239 3758 Σωτῆρος
1261 3666 1447 3752 ΙἈσκλοιπῖω

272 3768 320 3834 nai
341 3768 415 3862 ipsus
439 3778 443 3856 Ι
468 3770 516 3834 dud
537 3768 595 3842 βίω
617 3768 762 3843 Λεσβίοις.

116 3969 238 4029 XXVI.
277 3991 315 4028 ωο
340 3962 392 4027 τᾶν
413 3957 535 4052 κράνναν
559 3970 564 4046 Ι
587 3957 635 4026 καὶ
656 3961 687 4026 ro*
711 3957 892 4052 ddpayoiyrcv
913 3961 977 4046 ἆπΙδ
1001 3968 1158 4052 Κεγχρεᾶν
1176 3959 1314 4051 Ἀρτέμιδι
1336 3971 1450 4054 ΘΙερμιοι

272 4061 380 4130 &nsaw
404 4063 552 4148 Airas(?).
834 4071 835 4074 Ἴ

2 4298 15 4353 3„
114 4262 253 4342 XXVII.
526 4252 729 4345 αὐτοκράτορος
750 4251 826 4336 Salui
849 4302 979 4320 .......
997 4263 999 4266 ’

528 4353 575 4421 uui
594 4353 774 4423 Ἀπόλλωνος
796 4355 913 4446 ΘερμιΙω
939 4406 1068 4422 .......

5 4584 7 4591 ¹
114 4557 143 4616 T
144 4576 196 4616 res
218 4558 276 4616 hae
298 4556 508 4633 inscriptiones
530 4555 618 4614 unius
641 4571 744 4613 omnes
761 4554 819 4614 loci
835 4572 901 4614 esse
917 4553 1054 4614 concludi
1068 4563 1168 4632 potest
1184 4574 1222 4613 cx
1237 4555 1374 4616 lemmate
1387 4557 1445 4616 Pa·

11 4735 12 4738 *
112 4660 221 4719 latino.
266 4659 308 4718 Et
332 4659 363 4718 in
384 4659 558 4738 apographo
579 4658 715 4716 Paviano
737 4657 876 4734 deinceps
898 4657 1045 4734 leguntur,
1077 4658 1156 4735 qnod
1178 4657 1233 4716 etsi
1255 4677 1314 4717 non
1336 4659 1446 4736 ubique

114 4865 325 4876 -ss—-v

23 5068 26 5081 2
195 5011 219 5074 ¹)
248 5010 420 5077 [Intellegitnr
439 5011 532 5077 opinor
545 5011 583 5062 Μ.
597 5011 698 5076 squilla
711 5009 860 5062 Gallicanus
878 5011 967 5062 consul
985 5011 1129 5062 ordinarius
1149 5025 1173 5060 a.
1185 5013 1245 5073 127,
1266 5012 1337 5062 cuius
1350 5027 1446 5064 nomen

87 5107 277 5174 ¹*gentilicium
301 5120 369 5155 nune
394 5105 496 5156 demum
520 5104 665 5156 innotescit.
704 5103 777 5154 Uxor
797 5103 926 5154 Gallicani
951 5105 1038 5180 neptis,
1053 5103 1163 5154 sortasse
1182 5103 1232 5154 luit
1249 5106 1372 5170 praetorii
1391 5107 1446 5156 eina

18 5196 71 5274 ρ·
89 5187 95 5196 ’
113 5200 158 5266 qur
178 5195 475 5263 periita.p.chr.33.
512 5197 565 5248 rr.
584 5196 633 5261 nc]
1031 5183 1033 5194 '
