3540 5828
502 1815 1009 1932 onsnnvluonns
1048 1819 1523 1936 Epldnlpfflolu.

571 2386 659 2445 XVI.
705 2384 734 2447 S.
759 2385 793 2447 C.
816 2387 875 2447 DE
899 2385 1126 2449 THISBAEIS
1155 2386 1447 2448 REOOGNITVM.

624 2526 845 2593 (Supplementum
864 2528 898 2578 ad
917 2525 972 2578 obs.
984 2528 1037 2579 XV
1056 2543 1079 2578 a.
1095 2530 1164 2579 1872
1185 2545 1210 2593 p.
1226 2528 1401 2591 uss-298.)

347 2673 447 2849 Qui
480 2775 594 2816 summo
626 2758 693 2816 loeo
725 2757 890 2816 litterarum
923 2775 1022 2815 eurum
1056 2757 1185 2816 Athenis
1221 2757 1339 2833 publice
1372 2757 1434 2834 agit
1465 2756 1679 2818 Eustratiades

345 2868 505 2936 postquam
533 2860 827 2920 senatusconsultum
855 2859 891 2917 de
918 2859 1082 2920 Thisbaois
1115 2876 1218 2918 menso
1246 2856 1416 2937 Septembri
1443 2861 1514 2918 anni
1541 2863 1678 2936 proximi

344 2981 383 3020 ex
421 2963 548 3040 ignobili
585 2963 666 3036 vieo,
705 2963 757 3020 ubi
795 2962 920 3040 prodiit,
957 2943 1093 3020 dthenas
1133 2961 1324 3021 deferendum
1364 2962 1494 3033 curavit,
1534 2963 1577 3022 ibi
1615 2965 1679 3023 iam

343 3072 527 3141 prostantem
557 3065 688 3142 lapidem
714 3066 745 3123 in
772 3082 877 3124 museo
905 3063 944 3122 ad
966 3065 1046 3122 viam
1068 3063 1233 3122 Potissiam
1259 3063 1377 3141 publice
1404 3065 1579 3142 expositum
1609 3085 1681 3126 mea

343 3185 436 3226 eausa
467 3167 565 3226 denuo
597 3169 731 3245 inspexit
762 3174 792 3226 et
823 3165 1053 3243 diligentissime
1084 3168 1259 3242 recognovit
1291 3165 1364 3225 Otto
1396 3165 1532 3226 Lueders
1566 3168 1679 3227 horum

344 3269 510 3328 studiorum
532 3270 613 3329 fideli
636 3271 779 3329 societate
800 3269 957 3327 nobiseum
979 3269 1165 3327 coniunctus.
1209 3267 1256 3327 Ea
1276 3269 1440 3346 recognitio
1466 3270 1524 3328 etsi
1550 3270 1583 3329 in
1609 3273 1680 3330 uni·

342 3390 462 3430 versum
484 3373 673 3432 confirmavit
693 3372 724 3430 id
745 3373 782 3430 de
803 3390 862 3447 quo
886 3390 922 3428 ne
944 3378 1033 3428 autea
1054 3370 1173 3446 quidem
1189 3371 1319 3430 dubitari
1340 3380 1421 3431 recte
1441 3379 1569 3449 poterat,
1592 3372 1680 3431 Fou-

343 3484 457 3534 eartum
484 3475 583 3534 officio
610 3493 670 3532 non
699 3474 858 3532 admodum
885 3473 969 3531 facili
990 3471 1121 3532 functum
1145 3492 1212 3532 esse
1238 3485 1358 3532 strenue
1384 3484 1414 3534 et
1439 3475 1548 3549 perite,
1578 3475 1678 3535 nihilo

343 3578 440 3637 minus
463 3577 687 3637 emendationes
708 3576 854 3652 quasdam
877 3575 1091 3653 suppeditavit,
1114 3575 1222 3652 quibus
1245 3576 1396 3652 egregium
1419 3584 1449 3634 et
1469 3596 1565 3655 paene
1588 3562 1678 3636 dixe·

342 3679 398 3739 rim
420 3681 596 3757 primarium
617 3680 846 3740 instrumentum
868 3677 1047 3755 quibusdam
1069 3679 1144 3737 loeis
1160 3680 1344 3737 emaculetur
1366 3691 1396 3736 et
1417 3697 1495 3736 nova
1516 3679 1583 3737 luoe
1606 3680 1679 3740 illu·

342 3790 462 3842 stratur.
507 3780 708 3870 Quamobrem
738 3781 796 3839 mei
823 3779 913 3838 offleii
940 3779 1014 3838 duxi
1041 3797 1093 3839 eas
1113 3799 1205 3857 quam
1232 3781 1360 3860 primum
1387 3781 1452 3840 fieri
1479 3783 1580 3856 potuit
1606 3802 1677 3842 eum

341 3885 384 3954 iis!
403 3903 528 3962 quorum
549 3885 674 3943 interest
694 3883 813 3961 publice
835 3883 1061 3942 communicare.
1551 3899 1552 3902 ¹

426 4041 462 4100 V.
488 4041 598 4100 6-10
624 4039 667 4098 ita
694 4039 837 4098 mutanda
864 4045 945 4098 sunt:
974 4028 1041 4122 ssepi
1069 4025 1106 4096 aiv
1127 4030 1259 4117 Otrssleie
1283 4028 1391 4115 λέγους’
1416 4029 1585 4110 ἐποιήσαντο
1613 4032 1679 4126 περὶ

340 4146 397 4203 τῶν
418 4139 498 4202 καθ’
513 4137 617 4201 deliratio
639 4131 831 4224 πραγμάτων,
857 4131 953 4202 οἵτινες
980 4139 1008 4198 ἓν
1028 4143 1063 4219 τῇ
1083 4134 1223 4218 φιλῖᾳτῇ
1246 4142 1250 4220 Ι
1274 4131 1392 4224 ἡμετέρᾳ
1414 4131 1567 4226 ἕνὲμεςγαν,
1597 4133 1679 4205 ὅπως

341 4243 437 4302 αὐτοῖς
460 4241 615 4324 δοθῶσι[ν,
638 4245 643 4322 Ι
668 4241 766 4322 o]ic¹)
789 4237 826 4300 sci
847 4239 930 4299 καθ’
945 4238 1052 4300 adtolle
1074 4233 1234 4326 πράγματα
1255 4235 1507 4324 {Emptis-morasti.
1551 4245 1590 4303 Id
1613 4255 1677 4305 esi:

347 4349 432 4420 Quod
455 4348 587 4407 Thisbuei
612 4347 698 4406 uerba
720 4348 853 4420 facerunt
880 4348 914 4404 de
940 4350 1001 4404 suis
1030 4347 1113 4404 rebus
1138 4348 1321 4422 quiquidem
1342 4349 1372 4403 in
1394 4351 1679 4423 amicitiupermun·
1713 4367 1717 4386 ·

341 4461 451 4521 serunt,
478 4460 509 4508 ut
530 4453 632 4509 deutur
653 4449 708 4506 sibi
727 4449 830 4524 quibus
852 4451 924 4524 ipsis
946 4467 992 4507 rea
1014 4467 1083 4506 suaa
1106 4459 1254 4524 exponunt.
1298 4447 1384 4522 Quae
1407 4449 1551 4507 orationis
1576 4450 1679 4509 forma

340 4562 525 4630 quantopere
546 4559 680 4629 praestet
700 4571 744 4623 ea,
767 4569 856 4627 quam
874 4560 962 4609 antea
982 4550 1024 4626 (p.
1041 4549 1115 4625 292)
1138 4551 1354 4608 admiseramus
1369 4570 1468 4610 rerum
1483 4569 1564 4610 nexu
1586 4552 1677 4632 flagi-

342 4664 443 4728 tetam,
467 4655 520 4714 sed
543 4654 690 4714 sermonis
714 4654 765 4712 vix
787 4653 963 4724 tolerabilis,
986 4671 1046 4711 uon
1068 4671 1144 4729 opus
1166 4661 1213 4711 est
1233 4672 1382 4712 enarrare.

343 4879 545 4888 *αι-

419 5029 442 5093 ¹)
466 5031 611 5082 Foueartus
629 5031 691 5094 legit
710 5032 818 5076 ΑΥΤΟΙὶ
841 5016 940 5092 (velo)
962 5013 1202 5093 ΙΙΒ(Ϋ)ΘΩῖΙΙΙΙΙὶ,
1229 5027 1356 5092 supplevit
1375 5019 1444 5077 uu'rol
1464 5016 1605 5095 διὸρθωσιν
1626 5026 1673 5086 εἰς.

343 5123 420 5188 Quod
438 5125 521 5190 posui,
541 5123 717 5174 Kirchhoidus
736 5121 843 5171 invenit.

417 5223 441 5290 ²)
461 5226 603 5278 Foucartus
621 5226 683 5291 legit
702 5225 949 5284 Ε..ΗΓΗΣΩΝΤΑΙ,
970 5223 1098 5288 supplevit
1117 5209 1309 5290 eluuysicuvsut.
