3540 5828
366 557 436 628 138
710 597 713 604 ·
795 574 1102 627 uunmauunnvu
1120 574 1204 629 von.
1225 576 1254 625 11

362 679 515 688 ..-,--
925 679 1077 687 ...-

362 754 462 826 operis
489 752 546 810 hoc
572 759 651 808 certe
676 751 865 828 permisisse,
891 761 924 808 ut
950 749 1158 808 aestimatione
1185 749 1285 806 oblatu
1311 750 1482 807 universum
1508 767 1612 826 agrum
1640 746 1693 806 do·

362 855 442 912 mino
458 853 548 911 etiem
563 852 676 912 nolenti
692 852 856 925 auferrent3
872 852 933 911 sere
951 861 983 910 ut
998 853 1135 930 Augusto
1149 852 1315 927 imperante
1328 860 1451 911 senatus
1466 853 1584 910 censuit
1598 850 1692 928 quod-

362 973 487 1032 cumque
502 955 540 1013 ad
555 954 784 1031 aquaeductum
799 955 991 1014 reficiendum
1007 972 1084 1032 opus
1100 955 1139 1012 sit
1152 974 1191 1012 ex
1206 954 1287 1032 agris
1302 955 1487 1031 privatorum
1503 955 1693 1013 aestimatum

363 1058 440 1116 sumi
466 1057 558 1116 licere
585 1057 740 1132 (Frontin.
765 1058 784 1116 l.
806 1077 830 1116 c.
858 1077 883 1116 o.
902 1055 989 1134 125).
1033 1056 1186 1116 Aedificiis
1213 1066 1314 1116 tamen
1338 1057 1368 1114 in
1396 1057 1486 1115 ductu
1508 1054 1692 1115 instituendo

362 1160 445 1236 parci
471 1160 521 1219 lex
547 1160 641 1232 iubet;
668 1160 805 1219 similiter
832 1167 955 1219 senatus
976 1160 1112 1218 consulto
1134 1178 1169 1218 eo
1192 1159 1272 1236 quod
1293 1159 1384 1218 refert
1404 1159 1567 1217 Frontinus
1590 1177 1616 1215 c.
1635 1156 1691 1215 127

361 1271 488 1338 utraque
510 1281 549 1320 ex
570 1272 654 1338 parte
676 1281 771 1340 aquae
794 1263 899 1321 ductus
920 1261 1003 1339 quini
1025 1263 1117 1340 pedes
1139 1263 1182 1320 itu
1195 1262 1283 1321 vacui
1302 1262 1428 1339 relinqui
1445 1263 1594 1331 iubentur,
1615 1260 1693 1318 utin

361 1365 399 1422 iis
422 1365 497 1424 locis
519 1365 642 1425 arbores
663 1365 805 1425 tollantur
826 1373 1026 1441 praetereas,
1047 1384 1125 1441 quae
1142 1363 1220 1423 villis
1234 1364 1393 1423 conclusae
1409 1375 1518 1436 essent,
1541 1383 1599 1422 nec
1614 1363 1693 1420 dein-

362 1486 433 1542 ceps
450 1468 528 1526 ullae
544 1475 747 1542 conserantur,
767 1467 905 1526 aedilicia
919 1467 1002 1526 nulla
1016 1486 1095 1526 nora
1109 1467 1192 1539 fient,
1208 1467 1262 1525 sed
1277 1476 1345 1525 ante
1358 1466 1440 1524 sucta
1452 1478 1637 1526 remaneant.
1654 1499 1692 1508 -

363 1568 462 1645 Caput
483 1570 519 1628 de
541 1565 621 1647 aqua
642 1571 756 1630 caduca
776 1570 866 1647 plane
888 1571 1027 1629 convenit
1048 1589 1114 1630 cum
1130 1569 1277 1628 Frontino
1292 1588 1317 1627 c.
1331 1569 1385 1627 94:
1408 1571 1490 1645 apud
1509 1581 1616 1628 ueteres

363 1676 451 1731 omnia
477 1691 556 1750 aquo
581 1676 611 1730 r‘n
636 1692 706 1732 usus
724 1672 857 1749 publicos
880 1674 1051 1749 eroqobotur
1073 1682 1098 1730 et
1121 1682 1232 1732 cautum
1253 1675 1295 1728 ito
1309 1674 1386 1747 suit:
1409 1667 1452 1730 ‘ne
1473 1676 1538 1747 quis
1556 1675 1694 1748 privatus

363 1775 452 1832 aliern
479 1773 607 1851 [uquam]
634 1776 734 1846 ducet,
761 1795 847 1852 quam
873 1794 946 1852 quoe
972 1795 1005 1834 eu
1026 1776 1091 1834 locu
1112 1775 1224 1833 humum
1244 1769 1360 1833 occidit’
1383 1806 1420 1816 -
1443 1774 1512 1832 doec
1534 1778 1609 1854 eninr
1628 1784 1695 1833 sunt

362 1877 450 1935 uerba
476 1877 546 1953 leqr's
576 1910 614 1921 -
643 1880 676 1935 id
701 1888 742 1937 est
766 1896 899 1955 quoeeu
926 1879 992 1936 locu
1017 1878 1189 1937 abundavit:
1217 1896 1278 1936 eene
1302 1894 1354 1935 nos
1383 1877 1519 1935 caducam
1549 1893 1691 1934 vocamus.

362 1979 443 2038 Idem
467 1999 535 2038 cum
556 1979 648 2038 addat
668 1999 777 2057 aquam
800 1979 941 2039 caducam
964 1980 1030 2039 dari
1052 1980 1171 2038 solitam
1194 1996 1261 2037 esse
1283 1987 1336 2036 aut
1354 1977 1385 2037 iu
1408 1995 1495 2038 usum
1516 1978 1692 2038 balnearum

362 2082 609 2141 fullonicorumve
627 2083 769 2160 imposito
785 2082 924 2158 vectigali
939 2082 1036 2141 autin
1059 2082 1164 2141 domos
1187 2079 1354 2157 principum
1376 2080 1506 2140 civitatis
1528 2082 1693 2140 conceden-

362 2186 442 2244 tibus
465 2185 603 2262 reliquis‚
625 2185 713 2244 etiam
736 2186 767 2243 iu
788 2185 863 2244 urbe
886 2185 922 2243 de
944 2203 981 2243 ea
1003 2203 1083 2261 aqua
1105 2191 1226 2243 senatus
1248 2201 1303 2260 pro
1324 2203 1357 2242 re
1377 2183 1543 2244 decrevisse
1565 2183 1692 2252 ridetur,

345 2296 396 2345 ·ut
421 2286 509 2345 modo
537 2296 659 2365 propter
684 2287 833 2364 publicam
856 2286 1014 2346 utilitatem
1040 2288 1152 2364 petenti
1180 2286 1315 2358 daretur,
1341 2286 1430 2345 modo
1457 2287 1580 2346 honoris
1602 2304 1692 2344 causa

362 2389 514 2466 primariis
533 2390 609 2449 viris
631 2390 849 2450 concederetur.

225 2511 293 2562 Cura
305 2526 350 2576 pe·
447 2491 475 2550 8.
513 2491 560 2550 Ad
582 2493 739 2569 pecuniam
761 2493 910 2570 publicam
932 2492 1104 2569 reditusque
1126 2492 1263 2570 publicos
1285 2477 1538 2553 administrandos
1560 2492 1592 2550 iu
1610 2491 1691 2551 hisce

164 2647 165 2650 ,
242 2585 332 2672 ⁰¹1¹¹l⁸0
364 2592 474 2653 tabulis
496 2613 574 2671 quae
597 2603 732 2672 spectant
753 2614 813 2654 non
835 2595 939 2666 multa,
961 2614 997 2653 ea
1019 2593 1164 2654 hocloco
1186 2596 1420 2672 composuimus.
1467 2639 1469 2644 .

227 2659 350 2783 {53¹3ss
448 2693 554 2772 Capite
572 2695 673 2758 XCVI
702 2697 807 2758 duorir
836 2699 955 2757 iubetur
981 2698 1020 2756 ad
1046 2697 1223 2757 decuriones
1250 2698 1346 2775 primo
1369 2716 1489 2775 quoque
1511 2696 1560 2755 die
1581 2697 1691 2756 referre

233 2821 343 2873 quepu-
364 2797 401 2856 de
427 2798 551 2871 iudicio,
579 2800 660 2876 quod
686 2801 776 2860 alicui
797 2819 836 2859 ex
857 2799 1069 2860 decurionibus
1090 2799 1127 2859 de
1148 2801 1275 2877 pecunia
1295 2800 1415 2877 publica
1435 2799 1566 2858 multare
1587 2800 1620 2859 in
1640 2820 1692 2877 pu-

226 2881 351 2932 blieorum
364 2900 474 2959 blicum
495 2901 657 2980 redigenda
678 2903 784 2962 locove
805 2902 927 2979 publico
950 2901 1165 2962 instituendum
1187 2919 1254 2962 esse
1274 2903 1419 2963 rideatur.

448 3001 553 3081 Cupite
569 3001 739 3064 CXXXIV
753 3024 856 3064 eorum
878 3023 954 3082 quae
976 3004 1120 3064 habemus
1142 3013 1277 3064 extremo
1297 3023 1392 3081 eoque
1405 3004 1580 3083 imperfecto
1595 3003 1632 3063 de
1647 3022 1691 3076 eo,

363 3106 416 3182 qui
442 3106 554 3166 civitati
582 3107 725 3168 honorem
752 3107 882 3185 aliquem
910 3107 1065 3168 habitums
1090 3108 1130 3166 sit
1153 3125 1299 3167 munusve
1324 3107 1375 3166 det
1402 3107 1615 3184 polliceaturre
1636 3117 1694 3166 sta·

363 3217 483 3268 tuamve
504 3210 637 3287 aliquam
659 3210 730 3268 dare
751 3229 900 3288 ponereve
922 3211 1104 3286 promiserit,
1127 3218 1258 3282 cavetur,
1280 3228 1318 3268 ue
1340 3210 1378 3268 ob
1401 3189 1467 3268 eam
1488 3229 1551 3268 rem
1567 3211 1695 3288 pecunia

363 3312 484 3388 publica
505 3312 622 3372 aliudve
644 3311 749 3390 quid1)
771 3314 799 3372 ei
818 3312 905 3372 detur
919 3312 1052 3372 donetur.
1085 3313 1190 3389 Itaque
1206 3313 1258 3389 qui
1272 3311 1460 3388 largitionem
1475 3313 1609 3389 aliquam
1624 3312 1694 3372 civi·

363 3415 420 3474 bus
442 3415 575 3474 secturus
597 3425 653 3488 est,
675 3414 845 3475 universam
867 3433 922 3474 suo
945 3425 1065 3492 sumptu
1079 3415 1214 3491 perficiat
1227 3431 1350 3473 necesso
1364 3421 1411 3473 est
1424 3433 1521 3492 neque
1534 3416 1694 3492 quicquam

363 3518 396 3576 in
417 3537 482 3577 eam
504 3537 566 3577 rem
589 3520 735 3578 aerarium
757 3519 934 3578 contribuat.
979 3517 1154 3600 Comparari
1175 3526 1276 3595 potest
1296 3515 1378 3593 quod
1398 3517 1514 3576 Paulus
1537 3516 1693 3593 scribit¹):

364 3621 522 3680 ciuitatibus
550 3620 643 3697 lequri
665 3630 758 3697 potest
783 3625 867 3680 etiarn
891 3622 969 3698 qued
993 3622 1033 3679 od
1058 3621 1190 3679 imorem
1211 3630 1396 3695 ornatumque
1416 3623 1539 3680 ciuitatis
1556 3624 1696 3696 pertinet.-

364 3723 405 3781 od
426 3733 555 3782 emotum
571 3733 645 3799 puto
666 3725 744 3800 quod
763 3725 805 3782 od
824 3725 1019 3783 instruendum
1032 3725 1134 3797 sorum
1155 3723 1293 3782 tueamur
1314 3723 1437 3782 etodium
1452 3722 1575 3800 leqotmu
1587 3726 1695 3800 fucrit:

363 3827 404 3884 od
429 3826 560 3885 honorem
577 3836 651 3903 putu
672 3827 748 3903 quod
769 3828 810 3885 od
828 3845 929 3886 munus
951 3826 1089 3885 edendum
1108 3829 1314 3884 renouonenoe
1336 3824 1418 3884 ludos
1440 3828 1586 3885 scaenicos
1613 3825 1694 3883 ludos

364 3933 500 3988 circenses
526 3928 653 3987 relictum
666 3930 760 4004 suerit
781 3938 833 3986 out
851 3930 931 4005 quod
949 3929 990 3986 od
1011 3930 1175 3987 divisionem
1195 3927 1373 4003 singulorum
1394 3930 1495 3986 ciuium
1515 3927 1561 3985 uel
1581 3929 1695 4004 epulum

364 4031 491 4090 relictum
506 4031 607 4105 suerit.
645 4031 696 4089 ltoo
718 4031 842 4106 emplius
864 4033 942 4107 quod
961 4035 992 4088 in
1013 4031 1148 4090 alimento
1169 4031 1297 4106 infirmae
1316 4033 1428 4100 aetatis,
1446 4039 1521 4105 puto
1535 4029 1694 4088 senioribus

363 4133 409 4192 vel
424 4137 525 4210 pueris
543 4133 716 4210 puellisque,
738 4133 866 4192 relictum
881 4135 984 4208 suerit,
1006 4135 1047 4190 od
1060 4133 1190 4192 bonorem
1205 4135 1327 4192 civitatis
1338 4135 1484 4210 pertinere
1498 4134 1693 4209 respondetur.

273 4283 278 4292 .
364 4233 470 4312 Neque
496 4236 565 4313 ipsa
589 4253 637 4294 res
666 4236 757 4295 dubia
782 4244 838 4294 est.
882 4235 1045 4294 Ambitiosa
1072 4237 1184 4295 demeto
1211 4237 1407 4306 decurionum,
1428 4229 1616 4311 Ulpianus³)
1642 4236 1693 4306 ait,

365 4338 490 4396 rescindi
511 4337 624 4396 debent.-
643 4340 763 4413 proinde
784 4348 816 4396 ut
836 4338 936 4409 colent,
958 4342 1016 4398 sire
1036 4337 1160 4414 aliquem
1181 4337 1330 4395 debitorem
1351 4338 1508 4396 dimiserint
1520 4340 1581 4395 sive
1597 4337 1695 4413 largiti

364 4450 432 4499 cunt
456 4443 515 4500 siue
542 4442 713 4500 decreverint
737 4442 771 4499 de
788 4440 903 4516 publico
925 4441 1014 4499 elicui
1034 4441 1079 4498 oei
1097 4441 1222 4514 praedio
1243 4441 1289 4497 oei
1309 4440 1392 4498 aedes
1411 4440 1457 4498 vel
1477 4451 1582 4498 certem
1603 4457 1694 4516 quau·

364 4547 484 4614 atatem,
510 4543 585 4602 nihil
610 4543 714 4602 calebit
739 4544 876 4602 eiusmodi
903 4545 1050 4603 decretum.
1095 4540 1156 4603 Sed
1182 4541 1372 4601 ambitiosum
1399 4541 1550 4601 decretum
1572 4561 1611 4600 ne
1632 4551 1693 4600 tum

364 4646 483 4722 quidem
505 4653 702 4717 rotonense,
724 4664 792 4704 cum
813 4645 1002 4725 largitionem
1024 4643 1246 4721 quodammodo
1267 4653 1482 4716 remuneretur,
1505 4654 1539 4702 ut
1552 4663 1613 4703 non
1632 4663 1694 4703 am-
1760 4651 1762 4662 '

364 4749 449 4826 bigni
468 4749 542 4808 iuris
565 4755 620 4822 est,
642 4748 694 4821 ita,
717 4747 799 4824 quod
821 4749 923 4821 sciam,
945 4747 1015 4808 abbi
1036 4765 1097 4806 uon
1118 4754 1164 4806 est
1185 4753 1334 4806 testatum.

440 5095 464 5159 ¹)
493 5097 556 5159 Aut,
575 5097 598 5146 si
616 5097 698 5162 magis
717 5098 808 5162 placet,
830 5092 887 5158 o[ut
902 5113 950 5165 pro
971 5095 1012 5160 eo]
1033 5093 1106 5162 quid;
1126 5095 1216 5146 tabula
1233 5053 1303 5144 enim
1321 5093 1371 5144 hoc
1390 5093 1447 5145 loco
1467 5087 1531 5145 hiat.

439 5186 464 5251 ²)
492 5189 554 5254 Dig.
568 5189 612 5250 30,
629 5191 680 5239 122
694 5205 732 5254 pr.

440 5278 465 5343 ⁸)
492 5281 553 5348 Dig.
568 5280 612 5345 50,
627 5283 653 5344 9,
668 5283 695 5332 4.
