<?xml version="1.0" encoding="UTF-8"?>
<!DOCTYPE html PUBLIC "-//W3C//DTD XHTML 1.0 Transitional//EN"
    "http://www.w3.org/TR/xhtml1/DTD/xhtml1-transitional.dtd">
<html xmlns="http://www.w3.org/1999/xhtml" xml:lang="en" lang="en">
 <head>
  <title>
</title>
<meta http-equiv="Content-Type" content="text/html;charset=utf-8" />
  <meta name='ocr-system' content='tesseract 3.04.00' />
  <meta name='ocr-capabilities' content='ocr_page ocr_carea ocr_par ocr_line ocrx_word'/>
</head>
<body>
  <div class='ocr_page' id='page_1' title='image "./ephemerisepigra00henzgoog_0186.png"; bbox 0 0 3540 5828; ppageno 0'>
   <div class='ocr_carea' id='block_1_1' title="bbox 426 474 1472 548">
    <p class='ocr_par' dir='ltr' id='par_1_1' title="bbox 426 474 1472 548">
     <span class='ocr_line' id='line_1_1' title="bbox 426 474 1472 548; baseline 0.004 -6"><span class='ocrx_word' id='word_1_1' title='bbox 426 491 771 544; x_wconf 78' lang='lat' dir='ltr'>COMMENTATIONES</span> <span class='ocrx_word' id='word_1_2' title='bbox 789 491 1068 546; x_wconf 81' lang='lat' dir='ltr'>EPIGRAPHIOAE</span> <span class='ocrx_word' id='word_1_3' title='bbox 1088 493 1192 548; x_wconf 75' lang='lat' dir='ltr'><strong>Tuas.</strong></span> <span class='ocrx_word' id='word_1_4' title='bbox 1400 474 1472 546; x_wconf 78' lang='lat'><strong>173</strong></span> 
     </span>
    </p>
   </div>
   <div class='ocr_carea' id='block_1_2' title="bbox 144 665 1474 849">
    <p class='ocr_par' dir='ltr' id='par_1_2' title="bbox 144 665 1474 849">
     <span class='ocr_line' id='line_1_2' title="bbox 144 665 1474 747; baseline 0.002 -21"><span class='ocrx_word' id='word_1_5' title='bbox 144 665 196 726; x_wconf 81' lang='grc'><strong>31.</strong></span> <span class='ocrx_word' id='word_1_6' title='bbox 240 665 361 726; x_wconf 81' lang='lat' dir='ltr'>Titulus</span> <span class='ocrx_word' id='word_1_7' title='bbox 388 667 479 724; x_wconf 86' lang='lat' dir='ltr'><strong>rubro</strong></span> <span class='ocrx_word' id='word_1_8' title='bbox 502 665 601 724; x_wconf 88' lang='lat' dir='ltr'><strong>colore</strong></span> <span class='ocrx_word' id='word_1_9' title='bbox 628 665 727 743; x_wconf 89' lang='lat' dir='ltr'><strong>pictus</strong></span> <span class='ocrx_word' id='word_1_10' title='bbox 753 666 784 725; x_wconf 90' lang='lat' dir='ltr'><strong>in</strong></span> <span class='ocrx_word' id='word_1_11' title='bbox 806 665 906 742; x_wconf 87' lang='lat' dir='ltr'><strong>lapide</strong></span> <span class='ocrx_word' id='word_1_12' title='bbox 927 666 1020 726; x_wconf 91' lang='lat' dir='ltr'><strong>tofino</strong></span> <span class='ocrx_word' id='word_1_13' title='bbox 1042 666 1159 726; x_wconf 90' lang='lat' dir='ltr'><strong>aedium</strong></span> <span class='ocrx_word' id='word_1_14' title='bbox 1182 669 1273 727; x_wconf 79' lang='lat' dir='ltr'><strong><em>vicolo</em></strong></span> <span class='ocrx_word' id='word_1_15' title='bbox 1296 671 1342 729; x_wconf 81' lang='lat' dir='ltr'><strong>dei</strong></span> <span class='ocrx_word' id='word_1_16' title='bbox 1363 669 1474 747; x_wconf 85' lang='lat' dir='ltr'><strong>Sopro·</strong></span> 
     </span>
     <span class='ocr_line' id='line_1_3' title="bbox 185 765 1271 849; baseline 0.003 -22"><span class='ocrx_word' id='word_1_17' title='bbox 185 771 283 841; x_wconf 82' lang='lat' dir='ltr'><strong>stanti,</strong></span> <span class='ocrx_word' id='word_1_18' title='bbox 305 768 352 826; x_wconf 87' lang='lat' dir='ltr'><strong>cui</strong></span> <span class='ocrx_word' id='word_1_19' title='bbox 375 769 564 845; x_wconf 88' lang='lat' dir='ltr'><strong>subscriptus</strong></span> <span class='ocrx_word' id='word_1_20' title='bbox 587 777 632 828; x_wconf 88' lang='lat' dir='ltr'><strong>est</strong></span> <span class='ocrx_word' id='word_1_21' title='bbox 653 768 758 828; x_wconf 90' lang='lat' dir='ltr'><strong>titulus</strong></span> <span class='ocrx_word' id='word_1_22' title='bbox 780 765 908 828; x_wconf 87' lang='lat' dir='ltr'><strong>Latinus</strong></span> <span class='ocrx_word' id='word_1_23' title='bbox 931 766 1025 845; x_wconf 78' lang='grc'><strong>(0.1.</strong></span> <span class='ocrx_word' id='word_1_24' title='bbox 1042 767 1111 830; x_wconf 84' lang='lat' dir='ltr'><strong>Lat.</strong></span> <span class='ocrx_word' id='word_1_25' title='bbox 1127 769 1186 843; x_wconf 91' lang='lat' dir='ltr'><strong>IV,</strong></span> <span class='ocrx_word' id='word_1_26' title='bbox 1203 770 1271 849; x_wconf 86' lang='lat'><strong><em>31).·</em></strong></span> 
     </span>
    </p>
   </div>
   <div class='ocr_carea' id='block_1_3' title="bbox 603 1338 1064 1578">
    <p class='ocr_par' dir='ltr' id='par_1_3' title="bbox 603 1338 1064 1578">
     <span class='ocr_line' id='line_1_4' title="bbox 607 1338 914 1439; baseline 0 -27"><span class='ocrx_word' id='word_1_27' title='bbox 607 1339 702 1439; x_wconf 85' lang='lat' dir='ltr'><strong>.pul</strong></span> <span class='ocrx_word' id='word_1_28' title='bbox 774 1338 914 1412; x_wconf 84' lang='lat' dir='ltr'><strong>faamat</strong></span> 
     </span>
     <span class='ocr_line' id='line_1_5' title="bbox 603 1459 1064 1578; baseline -0.002 -44"><span class='ocrx_word' id='word_1_29' title='bbox 603 1487 628 1534; x_wconf 92' lang='lat' dir='ltr'>v</span> <span class='ocrx_word' id='word_1_30' title='bbox 643 1518 651 1534; x_wconf 89' lang='lat'><strong>.</strong></span> <span class='ocrx_word' id='word_1_31' title='bbox 667 1485 684 1535; x_wconf 90' lang='lat' dir='ltr'><strong>s</strong></span> <span class='ocrx_word' id='word_1_32' title='bbox 699 1517 708 1536; x_wconf 87' lang='lat'>.</span> <span class='ocrx_word' id='word_1_33' title='bbox 724 1459 934 1578; x_wconf 71' lang='lat' dir='ltr'><strong>vaslmbails</strong></span> <span class='ocrx_word' id='word_1_34' title='bbox 952 1486 977 1578; x_wconf 68' lang='lat' dir='ltr'><strong>u</strong></span> <span class='ocrx_word' id='word_1_35' title='bbox 1002 1461 1064 1559; x_wconf 83' lang='lat' dir='ltr'><strong>(l).</strong></span> 
     </span>
    </p>
   </div>
   <div class='ocr_carea' id='block_1_4' title="bbox 140 1689 1473 1873">
    <p class='ocr_par' dir='ltr' id='par_1_4' title="bbox 140 1689 1473 1873">
     <span class='ocr_line' id='line_1_6' title="bbox 228 1689 1473 1771; baseline 0.004 -22"><span class='ocrx_word' id='word_1_36' title='bbox 228 1689 419 1751; x_wconf 88' lang='lat' dir='ltr'><strong>Deliueatum</strong></span> <span class='ocrx_word' id='word_1_37' title='bbox 442 1693 544 1770; x_wconf 89' lang='lat' dir='ltr'><strong>accepi</strong></span> <span class='ocrx_word' id='word_1_38' title='bbox 567 1710 585 1749; x_wconf 88' lang='lat' dir='ltr'><strong>a</strong></span> <span class='ocrx_word' id='word_1_39' title='bbox 607 1691 643 1750; x_wconf 84' lang='lat' dir='ltr'><strong>R.</strong></span> <span class='ocrx_word' id='word_1_40' title='bbox 661 1690 805 1753; x_wconf 90' lang='lat' dir='ltr'><strong>Schoene.</strong></span> <span class='ocrx_word' id='word_1_41' title='bbox 849 1691 939 1750; x_wconf 86' lang='lat' dir='ltr'><strong>Hanc</strong></span> <span class='ocrx_word' id='word_1_42' title='bbox 960 1692 1185 1769; x_wconf 80' lang='lat' dir='ltr'><strong>inscriptionem</strong></span> <span class='ocrx_word' id='word_1_43' title='bbox 1208 1713 1246 1754; x_wconf 86' lang='lat' dir='ltr'><strong>ex</strong></span> <span class='ocrx_word' id='word_1_44' title='bbox 1268 1694 1362 1754; x_wconf 89' lang='lat' dir='ltr'><strong>titulis</strong></span> <span class='ocrx_word' id='word_1_45' title='bbox 1388 1712 1473 1771; x_wconf 88' lang='lat' dir='ltr'><strong>prae-</strong></span> 
     </span>
     <span class='ocr_line' id='line_1_7' title="bbox 140 1789 1110 1873; baseline -0.001 -20"><span class='ocrx_word' id='word_1_46' title='bbox 140 1793 318 1853; x_wconf 82' lang='lat' dir='ltr'><strong>cedentibus</strong></span> <span class='ocrx_word' id='word_1_47' title='bbox 341 1795 385 1853; x_wconf 91' lang='lat' dir='ltr'><strong>sio</strong></span> <span class='ocrx_word' id='word_1_48' title='bbox 407 1789 602 1873; x_wconf 81' lang='lat' dir='ltr'><strong>supplendam</strong></span> <span class='ocrx_word' id='word_1_49' title='bbox 626 1803 715 1872; x_wconf 89' lang='lat' dir='ltr'><strong>atque</strong></span> <span class='ocrx_word' id='word_1_50' title='bbox 739 1794 945 1871; x_wconf 80' lang='lat' dir='ltr'><strong>explicandam</strong></span> <span class='ocrx_word' id='word_1_51' title='bbox 968 1795 1110 1855; x_wconf 83' lang='lat' dir='ltr'><strong>arbitror:</strong></span> 
     </span>
    </p>
   </div>
   <div class='ocr_carea' id='block_1_5' title="bbox 602 2365 1123 2604">
    <p class='ocr_par' dir='ltr' id='par_1_5' title="bbox 602 2365 1123 2604">
     <span class='ocr_line' id='line_1_8' title="bbox 605 2365 908 2465; baseline 0.003 -28"><span class='ocrx_word' id='word_1_52' title='bbox 605 2366 699 2465; x_wconf 78' lang='lat' dir='ltr'><strong>‚puf</strong></span> <span class='ocrx_word' id='word_1_53' title='bbox 771 2365 908 2439; x_wconf 85' lang='lat' dir='ltr'><strong>laamat</strong></span> 
     </span>
     <span class='ocr_line' id='line_1_9' title="bbox 602 2485 1123 2604; baseline 0.002 -46"><span class='ocrx_word' id='word_1_54' title='bbox 602 2512 626 2558; x_wconf 91' lang='lat' dir='ltr'>v</span> <span class='ocrx_word' id='word_1_55' title='bbox 643 2541 650 2558; x_wconf 89' lang='lat'><strong>.</strong></span> <span class='ocrx_word' id='word_1_56' title='bbox 667 2486 819 2586; x_wconf 81' lang='lat' dir='ltr'><strong>s[e]vasi</strong></span> <span class='ocrx_word' id='word_1_57' title='bbox 845 2513 882 2560; x_wconf 91' lang='lat' dir='ltr'><strong>m</strong></span> <span class='ocrx_word' id='word_1_58' title='bbox 909 2485 1001 2604; x_wconf 77' lang='lat' dir='ltr'><strong>baiis</strong></span> <span class='ocrx_word' id='word_1_59' title='bbox 1021 2513 1044 2604; x_wconf 65' lang='lat' dir='ltr'>y</span> <span class='ocrx_word' id='word_1_60' title='bbox 1061 2487 1123 2585; x_wconf 80' lang='lat' dir='ltr'><strong>(i).</strong></span> 
     </span>
    </p>
   </div>
   <div class='ocr_carea' id='block_1_6' title="bbox 449 2661 1149 2947">
    <p class='ocr_par' dir='ltr' id='par_1_6' title="bbox 449 2661 1149 2947">
     <span class='ocr_line' id='line_1_10' title="bbox 450 2661 927 2735; baseline -0.006 -12"><span class='ocrx_word' id='word_1_61' title='bbox 450 2707 479 2723; x_wconf 89' lang='lat'><strong>..</strong></span> <span class='ocrx_word' id='word_1_62' title='bbox 502 2665 604 2723; x_wconf 88' lang='lat' dir='ltr'><strong>Maras</strong></span> <span class='ocrx_word' id='word_1_63' title='bbox 626 2661 764 2724; x_wconf 89' lang='lat' dir='ltr'><strong>Sadirius</strong></span> <span class='ocrx_word' id='word_1_64' title='bbox 786 2662 874 2722; x_wconf 89' lang='lat' dir='ltr'><strong>Lucii</strong></span> <span class='ocrx_word' id='word_1_65' title='bbox 895 2662 927 2735; x_wconf 89' lang='lat' dir='ltr'><strong>f.,</strong></span> 
     </span>
     <span class='ocr_line' id='line_1_11' title="bbox 449 2767 670 2826; baseline 0 -2"><span class='ocrx_word' id='word_1_66' title='bbox 449 2809 456 2824; x_wconf 93' lang='lat'><strong>.</strong></span> <span class='ocrx_word' id='word_1_67' title='bbox 480 2767 532 2825; x_wconf 91' lang='lat' dir='ltr'><strong>ubi</strong></span> <span class='ocrx_word' id='word_1_68' title='bbox 553 2767 670 2826; x_wconf 88' lang='lat' dir='ltr'><strong>habitat</strong></span> 
     </span>
     <span class='ocr_line' id='line_1_12' title="bbox 449 2867 1149 2947; baseline 0.003 -21"><span class='ocrx_word' id='word_1_69' title='bbox 449 2868 558 2930; x_wconf 82' lang='lat' dir='ltr'><strong>Vibius</strong></span> <span class='ocrx_word' id='word_1_70' title='bbox 582 2867 726 2929; x_wconf 88' lang='lat' dir='ltr'><strong>Sevasius</strong></span> <span class='ocrx_word' id='word_1_71' title='bbox 743 2867 786 2945; x_wconf 85' lang='lat' dir='ltr'><strong>(i)</strong></span> <span class='ocrx_word' id='word_1_72' title='bbox 808 2867 882 2927; x_wconf 88' lang='lat' dir='ltr'><strong>Maii</strong></span> <span class='ocrx_word' id='word_1_73' title='bbox 903 2869 923 2926; x_wconf 83' lang='lat' dir='ltr'><strong>f.</strong></span> <span class='ocrx_word' id='word_1_74' title='bbox 947 2867 1040 2929; x_wconf 91' lang='lat' dir='ltr'><strong>Baius</strong></span> <span class='ocrx_word' id='word_1_75' title='bbox 1062 2888 1082 2926; x_wconf 84' lang='lat' dir='ltr'>v</span> <span class='ocrx_word' id='word_1_76' title='bbox 1097 2869 1149 2947; x_wconf 77' lang='lat' dir='ltr'><strong>(i).</strong></span> 
     </span>
    </p>
   </div>
   <div class='ocr_carea' id='block_1_7' title="bbox 136 3057 1547 3548">
    <p class='ocr_par' dir='ltr' id='par_1_7' title="bbox 136 3057 1547 3548">
     <span class='ocr_line' id='line_1_13' title="bbox 228 3057 1474 3137; baseline -0.002 -17"><span class='ocrx_word' id='word_1_77' title='bbox 228 3061 328 3120; x_wconf 88' lang='lat' dir='ltr'><strong>Etiam</strong></span> <span class='ocrx_word' id='word_1_78' title='bbox 355 3061 392 3120; x_wconf 89' lang='lat' dir='ltr'><strong>de</strong></span> <span class='ocrx_word' id='word_1_79' title='bbox 421 3061 479 3120; x_wconf 91' lang='lat' dir='ltr'><strong>hoc</strong></span> <span class='ocrx_word' id='word_1_80' title='bbox 500 3059 588 3119; x_wconf 91' lang='lat' dir='ltr'><strong>titulo</strong></span> <span class='ocrx_word' id='word_1_81' title='bbox 612 3061 660 3137; x_wconf 85' lang='lat' dir='ltr'><strong>egi</strong></span> <span class='ocrx_word' id='word_1_82' title='bbox 687 3060 718 3118; x_wconf 92' lang='lat' dir='ltr'><strong>iu</strong></span> <span class='ocrx_word' id='word_1_83' title='bbox 740 3062 1003 3133; x_wconf 82' lang='lat' dir='ltr'><strong>commentatione,</strong></span> <span class='ocrx_word' id='word_1_84' title='bbox 1029 3061 1063 3118; x_wconf 91' lang='lat' dir='ltr'><strong>Z.</strong></span> <span class='ocrx_word' id='word_1_85' title='bbox 1080 3060 1137 3137; x_wconf 72' lang='lat' dir='ltr'><strong>fuir</strong></span> <span class='ocrx_word' id='word_1_86' title='bbox 1158 3060 1245 3137; x_wconf 82' lang='lat' dir='ltr'><strong>oerpl.</strong></span> <span class='ocrx_word' id='word_1_87' title='bbox 1269 3057 1339 3137; x_wconf 84' lang='lat' dir='ltr'><strong>Spr.</strong></span> <span class='ocrx_word' id='word_1_88' title='bbox 1365 3059 1474 3134; x_wconf 85' lang='lat' dir='ltr'><strong><em>XXII,</em></strong></span> 
     </span>
     <span class='ocr_line' id='line_1_14' title="bbox 136 3161 1474 3242; baseline -0.001 -20"><span class='ocrx_word' id='word_1_89' title='bbox 136 3183 172 3242; x_wconf 84' lang='lat' dir='ltr'><strong>p.</strong></span> <span class='ocrx_word' id='word_1_90' title='bbox 191 3163 256 3223; x_wconf 78' lang='lat'><strong>298</strong></span> <span class='ocrx_word' id='word_1_91' title='bbox 269 3182 328 3240; x_wconf 68' lang='lat' dir='ltr'><strong>sq„</strong></span> <span class='ocrx_word' id='word_1_92' title='bbox 356 3165 386 3222; x_wconf 91' lang='lat' dir='ltr'><strong>in</strong></span> <span class='ocrx_word' id='word_1_93' title='bbox 408 3182 469 3239; x_wconf 90' lang='lat' dir='ltr'><strong>qna</strong></span> <span class='ocrx_word' id='word_1_94' title='bbox 489 3163 631 3239; x_wconf 90' lang='lat' dir='ltr'><strong>exposui,</strong></span> <span class='ocrx_word' id='word_1_95' title='bbox 659 3161 730 3239; x_wconf 88' lang='lat' dir='ltr'><strong>qnid</strong></span> <span class='ocrx_word' id='word_1_96' title='bbox 753 3180 790 3220; x_wconf 87' lang='lat' dir='ltr'><strong>ex</strong></span> <span class='ocrx_word' id='word_1_97' title='bbox 812 3164 860 3221; x_wconf 90' lang='lat' dir='ltr'><strong>his</strong></span> <span class='ocrx_word' id='word_1_98' title='bbox 882 3171 1022 3239; x_wconf 87' lang='lat' dir='ltr'><strong>quattuor</strong></span> <span class='ocrx_word' id='word_1_99' title='bbox 1044 3162 1135 3223; x_wconf 85' lang='lat' dir='ltr'><strong>Oscis</strong></span> <span class='ocrx_word' id='word_1_100' title='bbox 1158 3162 1375 3222; x_wconf 89' lang='lat' dir='ltr'><strong>domiciliorum</strong></span> <span class='ocrx_word' id='word_1_101' title='bbox 1397 3163 1474 3221; x_wconf 91' lang='lat' dir='ltr'><strong>indi·</strong></span> 
     </span>
     <span class='ocr_line' id='line_1_15' title="bbox 141 3249 1547 3344; baseline 0 -20"><span class='ocrx_word' id='word_1_102' title='bbox 141 3265 230 3325; x_wconf 90' lang='lat' dir='ltr'><strong>cibus</strong></span> <span class='ocrx_word' id='word_1_103' title='bbox 251 3267 284 3324; x_wconf 90' lang='lat' dir='ltr'><strong>in</strong></span> <span class='ocrx_word' id='word_1_104' title='bbox 304 3259 470 3344; x_wconf 87' lang='lat' dir='ltr'><strong>parietibus</strong></span> <span class='ocrx_word' id='word_1_105' title='bbox 493 3266 609 3324; x_wconf 91' lang='lat' dir='ltr'><strong>aedium</strong></span> <span class='ocrx_word' id='word_1_106' title='bbox 638 3264 778 3341; x_wconf 89' lang='lat' dir='ltr'><strong>penicillo</strong></span> <span class='ocrx_word' id='word_1_107' title='bbox 806 3265 895 3342; x_wconf 90' lang='lat' dir='ltr'><strong>pictis</strong></span> <span class='ocrx_word' id='word_1_108' title='bbox 923 3265 962 3322; x_wconf 91' lang='lat' dir='ltr'><strong>ad</strong></span> <span class='ocrx_word' id='word_1_109' title='bbox 991 3273 1100 3323; x_wconf 88' lang='lat' dir='ltr'><strong>statum</strong></span> <span class='ocrx_word' id='word_1_110' title='bbox 1126 3265 1228 3342; x_wconf 91' lang='lat' dir='ltr'><strong>oppidi</strong></span> <span class='ocrx_word' id='word_1_111' title='bbox 1250 3265 1473 3343; x_wconf 88' lang='lat' dir='ltr'><strong>Pompeiorum,</strong></span> <span class='ocrx_word' id='word_1_112' title='bbox 1546 3249 1547 3252; x_wconf 8' lang='grc' dir='ltr'><strong>Ἴ</strong></span> 
     </span>
     <span class='ocr_line' id='line_1_16' title="bbox 140 3365 1474 3446; baseline -0.001 -19"><span class='ocrx_word' id='word_1_113' title='bbox 140 3369 245 3446; x_wconf 89' lang='lat' dir='ltr'><strong>qualis</strong></span> <span class='ocrx_word' id='word_1_114' title='bbox 260 3369 350 3427; x_wconf 85' lang='lat' dir='ltr'><strong>fuerit</strong></span> <span class='ocrx_word' id='word_1_115' title='bbox 364 3366 542 3429; x_wconf 85' lang='lat' dir='ltr'><strong>Samnitium</strong></span> <span class='ocrx_word' id='word_1_116' title='bbox 557 3375 664 3442; x_wconf 86' lang='lat' dir='ltr'><strong>aetate,</strong></span> <span class='ocrx_word' id='word_1_117' title='bbox 686 3367 922 3444; x_wconf 83' lang='lat' dir='ltr'><strong>cognoscendum</strong></span> <span class='ocrx_word' id='word_1_118' title='bbox 939 3366 1038 3444; x_wconf 86' lang='lat' dir='ltr'><strong>colligi</strong></span> <span class='ocrx_word' id='word_1_119' title='bbox 1061 3374 1091 3425; x_wconf 89' lang='lat' dir='ltr'><strong>et</strong></span> <span class='ocrx_word' id='word_1_120' title='bbox 1111 3365 1215 3426; x_wconf 83' lang='lat' dir='ltr'><strong>referri</strong></span> <span class='ocrx_word' id='word_1_121' title='bbox 1230 3385 1322 3443; x_wconf 90' lang='lat' dir='ltr'><strong>posse</strong></span> <span class='ocrx_word' id='word_1_122' title='bbox 1337 3367 1474 3427; x_wconf 86' lang='lat' dir='ltr'><strong>videatur</strong></span> 
     </span>
     <span class='ocr_line' id='line_1_17' title="bbox 141 3469 661 3548; baseline 0 -20"><span class='ocrx_word' id='word_1_123' title='bbox 141 3471 177 3547; x_wconf 89' lang='lat' dir='ltr'><strong>(l.</strong></span> <span class='ocrx_word' id='word_1_124' title='bbox 195 3492 219 3531; x_wconf 91' lang='lat' dir='ltr'><strong>o.</strong></span> <span class='ocrx_word' id='word_1_125' title='bbox 239 3491 273 3548; x_wconf 86' lang='lat' dir='ltr'><strong>p.</strong></span> <span class='ocrx_word' id='word_1_126' title='bbox 287 3472 349 3531; x_wconf 73' lang='lat'><strong>294</strong></span> <span class='ocrx_word' id='word_1_127' title='bbox 363 3489 407 3548; x_wconf 84' lang='lat' dir='ltr'><strong>sq.</strong></span> <span class='ocrx_word' id='word_1_128' title='bbox 432 3469 490 3529; x_wconf 81' lang='lat'><strong>296</strong></span> <span class='ocrx_word' id='word_1_129' title='bbox 506 3489 549 3546; x_wconf 84' lang='lat' dir='ltr'><strong>sq.</strong></span> <span class='ocrx_word' id='word_1_130' title='bbox 572 3469 661 3546; x_wconf 84' lang='lat'><strong><em>299).</em></strong></span> 
     </span>
    </p>
   </div>
   <div class='ocr_carea' id='block_1_8' title="bbox 139 3716 1473 3896">
    <p class='ocr_par' dir='ltr' id='par_1_8' title="bbox 139 3716 1473 3896">
     <span class='ocr_line' id='line_1_18' title="bbox 139 3716 1473 3795; baseline 0 -17"><span class='ocrx_word' id='word_1_131' title='bbox 139 3718 199 3778; x_wconf 73' lang='lat'><strong>32.</strong></span> <span class='ocrx_word' id='word_1_132' title='bbox 245 3717 367 3778; x_wconf 86' lang='lat' dir='ltr'><strong>Titulus</strong></span> <span class='ocrx_word' id='word_1_133' title='bbox 389 3719 481 3776; x_wconf 88' lang='lat' dir='ltr'><strong>rubro</strong></span> <span class='ocrx_word' id='word_1_134' title='bbox 504 3717 603 3776; x_wconf 88' lang='lat' dir='ltr'><strong>colore</strong></span> <span class='ocrx_word' id='word_1_135' title='bbox 625 3717 724 3794; x_wconf 91' lang='lat' dir='ltr'><strong>pictus</strong></span> <span class='ocrx_word' id='word_1_136' title='bbox 746 3718 776 3776; x_wconf 91' lang='lat' dir='ltr'><strong>in</strong></span> <span class='ocrx_word' id='word_1_137' title='bbox 799 3717 899 3795; x_wconf 88' lang='lat' dir='ltr'><strong>lupide</strong></span> <span class='ocrx_word' id='word_1_138' title='bbox 922 3717 1013 3776; x_wconf 87' lang='lat' dir='ltr'><strong>totino</strong></span> <span class='ocrx_word' id='word_1_139' title='bbox 1035 3717 1115 3794; x_wconf 89' lang='lat' dir='ltr'><strong>pilae</strong></span> <span class='ocrx_word' id='word_1_140' title='bbox 1138 3716 1255 3793; x_wconf 82' lang='lat' dir='ltr'><strong>positae</strong></span> <span class='ocrx_word' id='word_1_141' title='bbox 1277 3736 1371 3794; x_wconf 90' lang='lat' dir='ltr'><strong>prope</strong></span> <span class='ocrx_word' id='word_1_142' title='bbox 1393 3719 1473 3778; x_wconf 86' lang='lat' dir='ltr'><strong>ther·</strong></span> 
     </span>
     <span class='ocr_line' id='line_1_19' title="bbox 180 3818 1342 3896; baseline -0.002 -16"><span class='ocrx_word' id='word_1_143' title='bbox 180 3839 249 3880; x_wconf 88' lang='lat' dir='ltr'><strong>mas</strong></span> <span class='ocrx_word' id='word_1_144' title='bbox 271 3820 331 3878; x_wconf 84' lang='lat' dir='ltr'><strong>fori</strong></span> <span class='ocrx_word' id='word_1_145' title='bbox 351 3821 534 3879; x_wconf 86' lang='lat' dir='ltr'><strong>occidentem</strong></span> <span class='ocrx_word' id='word_1_146' title='bbox 557 3836 662 3878; x_wconf 87' lang='lat' dir='ltr'><strong>versus</strong></span> <span class='ocrx_word' id='word_1_147' title='bbox 685 3823 798 3896; x_wconf 73' lang='lat' dir='ltr'><strong>cepione</strong></span> <span class='ocrx_word' id='word_1_148' title='bbox 815 3819 883 3890; x_wconf 88' lang='lat' dir='ltr'><strong>VII,</strong></span> <span class='ocrx_word' id='word_1_149' title='bbox 907 3820 982 3878; x_wconf 81' lang='lat' dir='ltr'><strong>isola</strong></span> <span class='ocrx_word' id='word_1_150' title='bbox 1001 3818 1034 3891; x_wconf 91' lang='lat' dir='ltr'><strong>V,</strong></span> <span class='ocrx_word' id='word_1_151' title='bbox 1058 3820 1117 3879; x_wconf 84' lang='lat' dir='ltr'><strong>loto</strong></span> <span class='ocrx_word' id='word_1_152' title='bbox 1140 3821 1342 3879; x_wconf 81' lang='lat' dir='ltr'><strong>meridiooula:</strong></span> 
     </span>
    </p>
   </div>
   <div class='ocr_carea' id='block_1_9' title="bbox 346 3990 1312 4454">
    <p class='ocr_par' dir='ltr' id='par_1_9' title="bbox 346 3990 1312 4454">
     <span class='ocr_line' id='line_1_20' title="bbox 348 3990 1149 4091; baseline 0.005 -25"><span class='ocrx_word' id='word_1_153' title='bbox 348 3993 460 4090; x_wconf 85' lang='lat' dir='ltr'><strong>m(l)a</strong></span> <span class='ocrx_word' id='word_1_154' title='bbox 474 4049 482 4064; x_wconf 91' lang='lat'><strong>.</strong></span> <span class='ocrx_word' id='word_1_155' title='bbox 498 3990 703 4091; x_wconf 66' lang='lat' dir='ltr'><strong>kastrikip]</strong></span> <span class='ocrx_word' id='word_1_156' title='bbox 721 4047 729 4064; x_wconf 91' lang='lat'><strong>.</strong></span> <span class='ocrx_word' id='word_1_157' title='bbox 859 4011 959 4072; x_wconf 84' lang='lat' dir='ltr'><strong>Maius</strong></span> <span class='ocrx_word' id='word_1_158' title='bbox 983 4010 1149 4072; x_wconf 76' lang='lat' dir='ltr'><strong>Castricius</strong></span> 
     </span>
     <span class='ocr_line' id='line_1_21' title="bbox 347 4112 1307 4212; baseline 0.006 -26"><span class='ocrx_word' id='word_1_159' title='bbox 347 4139 404 4186; x_wconf 87' lang='lat' dir='ltr'><strong>mr</strong></span> <span class='ocrx_word' id='word_1_160' title='bbox 421 4171 428 4186; x_wconf 90' lang='lat'><strong>.</strong></span> <span class='ocrx_word' id='word_1_161' title='bbox 445 4112 605 4212; x_wconf 82' lang='lat' dir='ltr'><strong>spurlltls</strong></span> <span class='ocrx_word' id='word_1_162' title='bbox 621 4170 628 4185; x_wconf 91' lang='lat'><strong>.</strong></span> <span class='ocrx_word' id='word_1_163' title='bbox 644 4113 656 4185; x_wconf 96' lang='lat' dir='ltr'><strong>l</strong></span> <span class='ocrx_word' id='word_1_164' title='bbox 859 4134 960 4193; x_wconf 88' lang='lat' dir='ltr'><strong>Maras</strong></span> <span class='ocrx_word' id='word_1_165' title='bbox 984 4131 1141 4210; x_wconf 86' lang='lat' dir='ltr'><strong>Spurieius</strong></span> <span class='ocrx_word' id='word_1_166' title='bbox 1163 4131 1253 4191; x_wconf 90' lang='lat' dir='ltr'><strong>Lucii</strong></span> <span class='ocrx_word' id='word_1_167' title='bbox 1275 4134 1307 4202; x_wconf 67' lang='lat' dir='ltr'><strong>l,</strong></span> 
     </span>
     <span class='ocr_line' id='line_1_22' title="bbox 346 4235 1152 4336; baseline 0.009 -29"><span class='ocrx_word' id='word_1_168' title='bbox 346 4235 417 4336; x_wconf 88' lang='lat' dir='ltr'><strong>puf</strong></span> <span class='ocrx_word' id='word_1_169' title='bbox 428 4293 435 4307; x_wconf 94' lang='lat'><strong>.</strong></span> <span class='ocrx_word' id='word_1_170' title='bbox 451 4235 589 4308; x_wconf 85' lang='lat' dir='ltr'><strong>laamat</strong></span> <span class='ocrx_word' id='word_1_171' title='bbox 860 4256 910 4314; x_wconf 88' lang='lat' dir='ltr'><strong>ubi</strong></span> <span class='ocrx_word' id='word_1_172' title='bbox 933 4255 1048 4313; x_wconf 80' lang='lat' dir='ltr'><strong>habitat</strong></span> <span class='ocrx_word' id='word_1_173' title='bbox 1151 4311 1152 4314; x_wconf 74' lang='grc'>,</span> 
     </span>
     <span class='ocr_line' id='line_1_23' title="bbox 346 4355 1312 4454; baseline 0.005 -25"><span class='ocrx_word' id='word_1_174' title='bbox 346 4382 393 4429; x_wconf 88' lang='lat' dir='ltr'><strong>V.</strong></span> <span class='ocrx_word' id='word_1_175' title='bbox 411 4355 494 4431; x_wconf 80' lang='lat' dir='ltr'><strong>sells</strong></span> <span class='ocrx_word' id='word_1_176' title='bbox 521 4356 659 4430; x_wconf 80' lang='lat' dir='ltr'><strong>imbrar</strong></span> <span class='ocrx_word' id='word_1_177' title='bbox 679 4356 729 4454; x_wconf 72' lang='lat' dir='ltr'><strong>(l)</strong></span> <span class='ocrx_word' id='word_1_178' title='bbox 747 4401 797 4411; x_wconf 92' lang='lat'>—</span> <span class='ocrx_word' id='word_1_179' title='bbox 860 4375 969 4435; x_wconf 89' lang='lat' dir='ltr'><strong>Vibius</strong></span> <span class='ocrx_word' id='word_1_180' title='bbox 993 4374 1102 4436; x_wconf 90' lang='lat' dir='ltr'><strong>Sehius</strong></span> <span class='ocrx_word' id='word_1_181' title='bbox 1126 4375 1312 4452; x_wconf 79' lang='lat' dir='ltr'><strong>Impera...i</strong></span> 
     </span>
    </p>
   </div>
   <div class='ocr_carea' id='block_1_10' title="bbox 136 4568 1474 4850">
    <p class='ocr_par' dir='ltr' id='par_1_10' title="bbox 136 4568 1474 4850">
     <span class='ocr_line' id='line_1_24' title="bbox 225 4568 1474 4647; baseline 0.002 -21"><span class='ocrx_word' id='word_1_182' title='bbox 225 4569 443 4647; x_wconf 79' lang='lat' dir='ltr'><strong>Apographum</strong></span> <span class='ocrx_word' id='word_1_183' title='bbox 467 4571 548 4628; x_wconf 88' lang='lat' dir='ltr'><strong>misit</strong></span> <span class='ocrx_word' id='word_1_184' title='bbox 570 4569 608 4629; x_wconf 80' lang='lat' dir='ltr'><strong>G.</strong></span> <span class='ocrx_word' id='word_1_185' title='bbox 631 4570 667 4626; x_wconf 89' lang='lat' dir='ltr'><strong>de</strong></span> <span class='ocrx_word' id='word_1_186' title='bbox 690 4569 794 4640; x_wconf 86' lang='lat' dir='ltr'><strong>Petra,</strong></span> <span class='ocrx_word' id='word_1_187' title='bbox 822 4570 873 4644; x_wconf 93' lang='lat' dir='ltr'><strong>qui</strong></span> <span class='ocrx_word' id='word_1_188' title='bbox 895 4568 999 4628; x_wconf 87' lang='lat' dir='ltr'><strong>scribit</strong></span> <span class='ocrx_word' id='word_1_189' title='bbox 1025 4570 1105 4627; x_wconf 89' lang='lat' dir='ltr'><strong>hunc</strong></span> <span class='ocrx_word' id='word_1_190' title='bbox 1126 4569 1245 4627; x_wconf 91' lang='lat' dir='ltr'><strong>titulum</strong></span> <span class='ocrx_word' id='word_1_191' title='bbox 1267 4576 1382 4628; x_wconf 75' lang='lat' dir='ltr'><strong>aestate</strong></span> <span class='ocrx_word' id='word_1_192' title='bbox 1404 4570 1474 4628; x_wconf 87' lang='lat' dir='ltr'><strong>cuni</strong></span> 
     </span>
     <span class='ocr_line' id='line_1_25' title="bbox 139 4671 1473 4748; baseline -0.001 -17"><span class='ocrx_word' id='word_1_193' title='bbox 139 4672 221 4732; x_wconf 86' lang='grc'>1873</span> <span class='ocrx_word' id='word_1_194' title='bbox 240 4673 270 4730; x_wconf 86' lang='lat' dir='ltr'><strong>vi</strong></span> <span class='ocrx_word' id='word_1_195' title='bbox 286 4672 359 4730; x_wconf 90' lang='lat' dir='ltr'><strong>solis</strong></span> <span class='ocrx_word' id='word_1_196' title='bbox 382 4682 412 4730; x_wconf 89' lang='lat' dir='ltr'><strong>et</strong></span> <span class='ocrx_word' id='word_1_197' title='bbox 434 4690 528 4748; x_wconf 87' lang='lat' dir='ltr'><strong>aquae</strong></span> <span class='ocrx_word' id='word_1_198' title='bbox 550 4673 721 4730; x_wconf 88' lang='lat' dir='ltr'><strong>restitutum</strong></span> <span class='ocrx_word' id='word_1_199' title='bbox 736 4671 915 4747; x_wconf 87' lang='lat' dir='ltr'><strong>apparuisse</strong></span> <span class='ocrx_word' id='word_1_200' title='bbox 936 4671 967 4728; x_wconf 92' lang='lat' dir='ltr'><strong>iu</strong></span> <span class='ocrx_word' id='word_1_201' title='bbox 989 4671 1060 4747; x_wconf 87' lang='lat' dir='ltr'><strong>pila,</strong></span> <span class='ocrx_word' id='word_1_202' title='bbox 1083 4689 1160 4747; x_wconf 88' lang='lat' dir='ltr'><strong>quae</strong></span> <span class='ocrx_word' id='word_1_203' title='bbox 1175 4672 1233 4730; x_wconf 92' lang='lat' dir='ltr'><strong>iam</strong></span> <span class='ocrx_word' id='word_1_204' title='bbox 1249 4691 1302 4748; x_wconf 88' lang='lat' dir='ltr'><strong>per</strong></span> <span class='ocrx_word' id='word_1_205' title='bbox 1318 4671 1473 4730; x_wconf 91' lang='lat' dir='ltr'><strong>dimidium</strong></span> 
     </span>
     <span class='ocr_line' id='line_1_26' title="bbox 136 4773 1473 4850; baseline -0.001 -16"><span class='ocrx_word' id='word_1_206' title='bbox 136 4774 296 4834; x_wconf 89' lang='lat' dir='ltr'><strong>saeculum</strong></span> <span class='ocrx_word' id='word_1_207' title='bbox 324 4785 382 4832; x_wconf 89' lang='lat' dir='ltr'><strong>stet</strong></span> <span class='ocrx_word' id='word_1_208' title='bbox 412 4774 532 4834; x_wconf 83' lang='lat' dir='ltr'><strong>effossa.</strong></span> <span class='ocrx_word' id='word_1_209' title='bbox 576 4774 612 4833; x_wconf 91' lang='lat' dir='ltr'><strong>In</strong></span> <span class='ocrx_word' id='word_1_210' title='bbox 639 4793 674 4832; x_wconf 91' lang='lat' dir='ltr'><strong>eo</strong></span> <span class='ocrx_word' id='word_1_211' title='bbox 699 4773 769 4832; x_wconf 78' lang='lat' dir='ltr'><strong>Sela</strong></span> <span class='ocrx_word' id='word_1_212' title='bbox 796 4783 842 4832; x_wconf 86' lang='lat' dir='ltr'><strong>est</strong></span> <span class='ocrx_word' id='word_1_213' title='bbox 868 4774 1069 4832; x_wconf 86' lang='lat' dir='ltr'><strong>nominativus</strong></span> <span class='ocrx_word' id='word_1_214' title='bbox 1096 4773 1172 4850; x_wconf 88' lang='lat' dir='ltr'><strong>sing.</strong></span> <span class='ocrx_word' id='word_1_215' title='bbox 1196 4774 1325 4833; x_wconf 91' lang='lat' dir='ltr'><strong>nominis</strong></span> <span class='ocrx_word' id='word_1_216' title='bbox 1352 4775 1473 4850; x_wconf 87' lang='lat' dir='ltr'><strong>gentilis</strong></span> 
     </span>
    </p>
   </div>
   <div class='ocr_carea' id='block_1_11' title="bbox 136 4873 1475 5054">
    <p class='ocr_par' dir='ltr' id='par_1_11' title="bbox 136 4873 1475 5054">
     <span class='ocr_line' id='line_1_27' title="bbox 136 4873 1473 4954; baseline -0.001 -18"><span class='ocrx_word' id='word_1_217' title='bbox 136 4897 200 4936; x_wconf 89' lang='lat' dir='ltr'><strong>una</strong></span> <span class='ocrx_word' id='word_1_218' title='bbox 223 4877 316 4954; x_wconf 88' lang='lat' dir='ltr'><strong>stirpe</strong></span> <span class='ocrx_word' id='word_1_219' title='bbox 337 4877 393 4934; x_wconf 89' lang='lat' dir='ltr'><strong>orti</strong></span> <span class='ocrx_word' id='word_1_220' title='bbox 416 4896 482 4935; x_wconf 89' lang='lat' dir='ltr'><strong>cum</strong></span> <span class='ocrx_word' id='word_1_221' title='bbox 504 4877 615 4934; x_wconf 86' lang='lat' dir='ltr'><strong>Latino</strong></span> <span class='ocrx_word' id='word_1_222' title='bbox 639 4874 738 4935; x_wconf 80' lang='lat' dir='ltr'><strong>Selioi</strong></span> <span class='ocrx_word' id='word_1_223' title='bbox 760 4873 1069 4952; x_wconf 74' lang='lat' dir='ltr'><strong>(0.1.Lat.1‚147)</strong></span> <span class='ocrx_word' id='word_1_224' title='bbox 1092 4885 1180 4951; x_wconf 87' lang='lat' dir='ltr'><strong>atque</strong></span> <span class='ocrx_word' id='word_1_225' title='bbox 1203 4876 1336 4934; x_wconf 87' lang='lat' dir='ltr'><strong>eiusdem</strong></span> <span class='ocrx_word' id='word_1_226' title='bbox 1359 4877 1473 4935; x_wconf 82' lang='lat' dir='ltr'><strong>formae</strong></span> 
     </span>
     <span class='ocr_line' id='line_1_28' title="bbox 136 4973 1475 5054; baseline -0.001 -17"><span class='ocrx_word' id='word_1_227' title='bbox 136 4987 172 5037; x_wconf 87' lang='lat' dir='ltr'><strong>ut</strong></span> <span class='ocrx_word' id='word_1_228' title='bbox 187 4977 322 5050; x_wconf 81' lang='lat' dir='ltr'><strong>Hcirena,</strong></span> <span class='ocrx_word' id='word_1_229' title='bbox 348 4977 443 5054; x_wconf 82' lang='lat' dir='ltr'><strong>Upilc,</strong></span> <span class='ocrx_word' id='word_1_230' title='bbox 466 4977 575 5037; x_wconf 82' lang='lat' dir='ltr'><strong>Saloca</strong></span> <span class='ocrx_word' id='word_1_231' title='bbox 598 4975 648 5054; x_wconf 84' lang='lat' dir='ltr'><strong>(C.</strong></span> <span class='ocrx_word' id='word_1_232' title='bbox 665 4978 789 5052; x_wconf 82' lang='lat' dir='ltr'><strong>Ausapr.</strong></span> <span class='ocrx_word' id='word_1_233' title='bbox 805 4977 851 5047; x_wconf 86' lang='lat' dir='ltr'><strong>II,</strong></span> <span class='ocrx_word' id='word_1_234' title='bbox 867 4977 939 5047; x_wconf 79' lang='lat'><strong>605,</strong></span> <span class='ocrx_word' id='word_1_235' title='bbox 961 4979 1003 5036; x_wconf 81' lang='lat' dir='ltr'><strong>ad.</strong></span> <span class='ocrx_word' id='word_1_236' title='bbox 1021 4973 1064 5052; x_wconf 81' lang='lat'><strong>2).</strong></span> <span class='ocrx_word' id='word_1_237' title='bbox 1097 4975 1215 5036; x_wconf 86' lang='lat' dir='ltr'><strong>Ultimis</strong></span> <span class='ocrx_word' id='word_1_238' title='bbox 1237 4978 1344 5038; x_wconf 85' lang='lat' dir='ltr'><strong>litteris</strong></span> <span class='ocrx_word' id='word_1_239' title='bbox 1367 4979 1475 5038; x_wconf 75' lang='lat' dir='ltr'><strong>imbrus</strong></span> 
     </span>
    </p>
   </div>
   <div class='ocr_carea' id='block_1_12' title="bbox 1 5078 1472 5166">
    <p class='ocr_par' dir='ltr' id='par_1_12' title="bbox 1 5078 1472 5166">
     <span class='ocr_line' id='line_1_29' title="bbox 1 5078 1472 5166; baseline 0 -28"><span class='ocrx_word' id='word_1_240' title='bbox 1 5149 11 5166; x_wconf 37' lang='grc' dir='ltr'><strong>μ</strong></span> <span class='ocrx_word' id='word_1_241' title='bbox 135 5091 191 5138; x_wconf 88' lang='lat' dir='ltr'><strong>aut</strong></span> <span class='ocrx_word' id='word_1_242' title='bbox 229 5081 355 5151; x_wconf 64' lang='lat' dir='ltr'><strong>immam,</strong></span> <span class='ocrx_word' id='word_1_243' title='bbox 399 5080 515 5139; x_wconf 87' lang='lat' dir='ltr'><strong>videtur</strong></span> <span class='ocrx_word' id='word_1_244' title='bbox 553 5082 679 5140; x_wconf 87' lang='lat' dir='ltr'><strong>subesse</strong></span> <span class='ocrx_word' id='word_1_245' title='bbox 718 5097 884 5157; x_wconf 85' lang='lat' dir='ltr'><strong>cognomen</strong></span> <span class='ocrx_word' id='word_1_246' title='bbox 926 5078 1058 5138; x_wconf 89' lang='lat' dir='ltr'><strong>eiusdem</strong></span> <span class='ocrx_word' id='word_1_247' title='bbox 1103 5078 1205 5156; x_wconf 85' lang='lat' dir='ltr'><strong>stirpis</strong></span> <span class='ocrx_word' id='word_1_248' title='bbox 1248 5088 1281 5138; x_wconf 88' lang='lat' dir='ltr'><strong>ut</strong></span> <span class='ocrx_word' id='word_1_249' title='bbox 1321 5081 1472 5152; x_wconf 83' lang='lat' dir='ltr'><strong>embrotur,</strong></span> 
     </span>
    </p>
   </div>
   <div class='ocr_carea' id='block_1_13' title="bbox 133 5179 1473 5260">
    <p class='ocr_par' dir='ltr' id='par_1_13' title="bbox 133 5179 1473 5260">
     <span class='ocr_line' id='line_1_30' title="bbox 133 5179 1473 5260; baseline 0.001 -18"><span class='ocrx_word' id='word_1_250' title='bbox 133 5181 206 5242; x_wconf 88' lang='lat' dir='ltr'><strong>Lat.</strong></span> <span class='ocrx_word' id='word_1_251' title='bbox 224 5185 389 5258; x_wconf 82' lang='lat' dir='ltr'><strong>imperator,</strong></span> <span class='ocrx_word' id='word_1_252' title='bbox 412 5186 563 5259; x_wconf 82' lang='lat' dir='ltr'><strong>imperare,</strong></span> <span class='ocrx_word' id='word_1_253' title='bbox 586 5185 741 5260; x_wconf 79' lang='lat' dir='ltr'><strong>imperium.</strong></span> <span class='ocrx_word' id='word_1_254' title='bbox 775 5179 913 5241; x_wconf 84' lang='lat' dir='ltr'><strong>Ceterum</strong></span> <span class='ocrx_word' id='word_1_255' title='bbox 936 5201 974 5241; x_wconf 84' lang='lat' dir='ltr'><strong>ex</strong></span> <span class='ocrx_word' id='word_1_256' title='bbox 995 5182 1053 5242; x_wconf 91' lang='lat' dir='ltr'><strong>hoc</strong></span> <span class='ocrx_word' id='word_1_257' title='bbox 1068 5181 1211 5241; x_wconf 89' lang='lat' dir='ltr'><strong>domicilii</strong></span> <span class='ocrx_word' id='word_1_258' title='bbox 1233 5181 1332 5242; x_wconf 88' lang='lat' dir='ltr'><strong>indice</strong></span> <span class='ocrx_word' id='word_1_259' title='bbox 1353 5183 1473 5244; x_wconf 90' lang='lat' dir='ltr'><strong>collatis</strong></span> 
     </span>
    </p>
   </div>
   <div class='ocr_carea' id='block_1_14' title="bbox 0 0 1774 5828">
    <p class='ocr_par' dir='ltr' id='par_1_14' title="bbox 0 0 1774 5828">
     <span class='ocr_line' id='line_1_31' title="bbox 0 0 1774 5828; baseline 0 4"><span class='ocrx_word' id='word_1_260' title='bbox 0 0 1774 5828; x_wconf 95' lang='lat' dir='ltr'><strong> </strong></span> 
     </span>
    </p>
   </div>
  </div>
 </body>
</html>
