3524 5828
598 522 708 573 FASTI
734 523 816 574 FER.
845 522 972 573 LATIN.

633 694 737 754 abac
802 711 818 752 ι
831 736 921 754 .....

674 797 733 856 537
800 813 949 868 u·v....

674 899 734 958 538
799 915 965 958 u·ru....

673 1001 732 1061 539
797 1015 949 1059 Α·ι....

109 1415 203 1475 Haec
224 1409 387 1473 ‘nominum
409 1407 576 1489 prinoipin',
599 1411 787 1470 Burmannus
803 1413 855 1483 ait,
874 1408 1004 1470 ‘constat
1024 1429 1084 1470 non
1106 1413 1288 1489 pertinuisse
1302 1412 1341 1490 ad
1355 1413 1452 1472 fastos

111 1517 308 1588 consularem
332 1516 453 1593 quinam
469 1533 541 1573 vero
556 1515 692 1573 homines
714 1515 906 1573 nominentur
925 1509 1107 1591 ignoramns'
1128 1513 1163 1590 (l.
1179 1513 1230 1591 c.).
1262 1514 1452 1575 Burmannus

113 1639 228 1698 nempe
256 1619 293 1678 de
319 1617 539 1677 ordinariorum
566 1617 723 1676 consulum
750 1618 838 1676 lastis
864 1616 1010 1693 loquitur:
1043 1636 1113 1675 nam
1142 1617 1181 1675 ad
1207 1616 1347 1677 suffectos
1379 1618 1453 1678 haec

110 1724 271 1782 nominum
293 1721 443 1798 principia
463 1719 584 1778 minime
605 1737 698 1796 posse
720 1719 868 1794 pertinere
890 1719 958 1794 quis
979 1717 1167 1777 adfirmabitl
1209 1719 1307 1777 Immo
1329 1739 1401 1779 vero
1424 1722 1451 1779 si

110 1827 154 1884 ab
175 1823 335 1882 Arvalium
365 1823 475 1881 tabulis
505 1821 674 1899 exemplum
699 1821 846 1900 petimus,
873 1838 999 1896 pronum
1025 1823 1082 1882 erit
1108 1821 1255 1880 coniicere
1281 1822 1357 1880 hanc
1382 1840 1450 1882 esse

110 1928 288 1986 columnam
310 1925 455 1984 fastorum
478 1924 543 1982 aevi
566 1923 660 1982 multo
686 1922 878 1999 posterioris,
905 1924 1013 2000 quibus
1041 1923 1157 1982 suffecti
1181 1924 1336 2001 ignotique
1362 1925 1449 1984 nobis

109 2028 258 2088 consules
279 2027 390 2086 latinas
413 2026 614 2085 celebrarunt:
638 2043 751 2101 eosque
767 2025 839 2083 'loco
862 2045 921 2084 non
943 2045 998 2086 suo
1014 2044 1080 2086 esse
1094 2026 1273 2104 descriptos,
1296 2015 1377 2104 quod
1399 2027 1448 2088 de·

107 2133 234 2190 finiente
257 2130 318 2188 iam
341 2129 439 2207 spatio
460 2127 605 2205 quidquid
628 2128 713 2186 vacui
735 2127 860 2206 parietis
883 2137 1050 2205 superarat,
1077 2129 1259 2206 interpolata
1280 2139 1449 2210 temporum

106 2235 189 2294 serie
207 2233 299 2292 novis
314 2231 459 2290 fastorum
479 2230 633 2288 laterculis
653 2230 842 2306 implebatur.
876 2232 919 2288 At
933 2232 1009 2289 hauc
1024 2231 1224 2290 coniecturam
1240 2233 1448 2310 fragmentum,

104 2337 193 2414 quod
217 2333 358 2406 sublicio,
379 2351 505 2410 prorsus
527 2333 647 2392 avertit:

525 2563 532 2577 .
547 2564 553 2577 .
568 2565 574 2578 .
588 2545 674 2578 .av1v
693 2561 1035 2579 .................

524 2667 551 2680 ..
566 2667 572 2680 .
591 2639 718 2682 aEBVTlar
732 2663 1035 2683 ...............

525 2768 531 2782 .
546 2769 552 2782 .
566 2769 573 2782 .
587 2767 594 2782 .
609 2739 780 2783 CLVTVRlVS
803 2739 859 2782 sar.
874 2741 894 2791 s.
901 2767 1034 2782 .......

717 2840 819 2885 MAlOR

525 2972 531 2985 .
546 2973 552 2985 .
568 2943 767 2988 ..Poautctvs
780 2960 786 2973 ·
801 2945 867 3008 Nic.
881 2970 1033 2987 ........

524 3075 531 3089 .
547 3075 572 3090 ..
593 3046 779 3101 quNCTlLlVS
795 3072 1032 3090 ............

107 3258 178 3315 Iam
201 3247 365 3316 Henzenua
387 3255 502 3315 monuit
523 3255 577 3314 has
599 3255 715 3314 litteras
737 3254 775 3312 ad
797 3273 899 3312 aarum
921 3254 1043 3326 seriem,
1070 3273 1147 3331 quaa
1169 3248 1338 3332 adscriptae
1360 3239 1459 3316 erant

108 3360 199 3418 anuis
227 3357 419 3431 aec-540,
451 3359 579 3416 fortasse
611 3358 760 3434 pertinere
793 3357 894 3432 (Bell.
917 3355 984 3414 dell'
1007 3357 1060 3415 Iat.
1087 3356 1165 3414 1870
1187 3376 1216 3433 p.
1236 3357 1329 3433 135):
1363 3343 1458 3433 quod,

108 3471 227 3521 attemo
249 3461 387 3519 instituto
402 3461 540 3519 examine
556 3477 610 3536 ego
626 3443 819 3518 verum-esse
841 3459 969 3536 repperi.
1003 3457 1135 3516 Nomina
1155 3467 1236 3518 recto
1252 3478 1324 3518 casu
1339 3480 1358 3518 a
1373 3479 1443 3519 cou-

108 3565 211 3622 snlum
227 3563 380 3622 notatione
395 3571 466 3622 sunt
480 3562 652 3621 necessario
667 3562 796 3620 diversa.
829 3559 988 3635 Quodnam
1004 3561 1156 3620 hominum
1172 3579 1266 3638 genus
1282 3560 1336 3619 illa
1351 3563 1444 3638 signi·

108 3667 214 3738 fiuent,
237 3665 370 3724 difficilis
390 3666 527 3741 quaestio
549 3674 604 3723 est.
651 3663 697 3722 De
718 3663 893 3739 praefectis,
921 3663 971 3738 qui
992 3662 1132 3721 seriarum
1155 3662 1314 3722 latinarum
1338 3664 1443 3724 diebus

9 3761 10 3764 ¹
109 3770 182 3828 urbi
208 3777 367 3846 praeerant
393 3779 422 3827 et
449 3767 561 3843 singuli
582 3766 710 3845 singulis
736 3766 822 3824 annis
849 3765 1040 3836 creabantur,
1070 3765 1168 3841 primo
1194 3767 1334 3843 cogitavi.
1378 3767 1443 3826 line

109 3879 203 3931 sexto
230 3872 313 3929 urbis
335 3870 472 3929 conditae
499 3869 620 3928 saeculo
646 3869 806 3927 latinarum
834 3867 921 3927 fastis
949 3866 1080 3926 adscribi
1105 3867 1223 3945 coepti?
1266 3868 1291 3926 F
1294 3869 1442 3928 lariorum

104 3983 193 4032 certe
220 3980 330 4043 aetate,
360 3971 398 4029 ad
426 3989 515 4047 quam
544 3971 710 4030 mariniana
734 3971 903 4048 fragmenta
931 3970 1093 4047 pertinent,
1121 3971 1328 4031 huiuscemodi
1355 3991 1442 4049 prae·

104 4077 255 4136 sectorum
277 4075 310 4132 in
331 4075 377 4132 his
398 4073 487 4132 fastis
514 4074 624 4132 mentio
647 4073 738 4132 nulla.
780 4073 943 4132 Praeterea
963 4072 1125 4132 Henzenus
1153 4073 1265 4131 monuit
1292 4093 1320 4134 v.
1344 4076 1362 4134 5
1391 4075 1441 4133 lit·

105 4191 192 4238 raras
214 4191 343 4247 reem,
370 4176 537 4254 graecanici
561 4176 746 4251 cognominis
774 4174 906 4247 initium,
933 4175 1104 4234 libertinum
1134 4175 1283 4234 hominem
1314 4177 1441 4252 prodere

14 4315 15 4318 =
103 4281 222 4339 videri:
247 4279 279 4336 id
300 4278 380 4355 quod
402 4278 516 4336 omissa
537 4279 632 4355 patris
647 4279 758 4336 mentio
773 4278 938 4336 confirmat.
973 4277 1021 4336 De
1041 4278 1195 4336 humiliori
1216 4279 1308 4357 igitur
1329 4279 1441 4338 civium

101 4382 214 4442 ordine
228 4381 277 4439 rel
291 4391 377 4438 coetu
393 4380 592 4456 cogitandum.
627 4379 785 4455 Inscriptio
807 4399 873 4438 cum
896 4379 943 4438 his
965 4379 1140 4457 fragmentis
1163 4381 1193 4438 in
1215 4381 1440 4440 montealbano

100 4493 231 4562 reperta
251 4492 281 4541 et
296 4482 333 4541 ab
348 4482 492 4540 Heuzano
515 4483 595 4541 edita
615 4488 645 4539 et
664 4481 813 4540 illustrata
829 4481 969 4541 Cabenses
991 4484 1152 4541 sacerdotes
1167 4485 1313 4559 seriarum
1335 4486 1439 4543 tanna·

100 4605 174 4648 rum
194 4589 295 4643 utentia
317 4585 418 4643 albuni
439 4584 580 4644 nominat.
625 4583 742 4642 Horum
765 4584 951 4643 sacerdotum
980 4582 1068 4643 facile
1095 4603 1167 4642 cura
1188 4585 1347 4644 latinarum
1369 4586 1441 4645 lasti

101 4695 180 4750 sunt
200 4687 303 4746 incisi:
333 4705 496 4764 eorumque
518 4687 619 4746 album
641 4687 695 4746 illa
717 4688 869 4746 nominum
893 4686 997 4757 series,
1018 4687 1135 4763 opinor,
1158 4687 1289 4746 exhibet.
1333 4687 1440 4766 Neque

101 4805 247 4870 opponas
269 4807 335 4848 eam
357 4791 400 4849 ita
420 4807 487 4850 esse
510 4789 699 4865 dispositam,
721 4797 753 4848 ut
775 4789 902 4866 singulis
920 4788 1007 4847 annis
1031 4788 1151 4865 singula
1171 4790 1293 4848 nomina
1314 4809 1438 4868 respon-

25 4895 29 4902 ’
97 4898 198 4956 deant
231 4901 261 4951 et
293 4911 360 4951 cum
387 4893 474 4972 fastis
504 4892 705 4950 necessariam
736 4891 894 4950 videantur
921 4891 1158 4951 coniunctionem
1185 4891 1305 4951 habere.
1347 4893 1382 4951 ld
1409 4895 1439 4954 in

21 5005 32 5080 f
96 5001 275 5076 fragmento
301 5013 447 5054 annorum
475 4993 652 5053 536-540
686 4994 752 5053 solo
780 5011 852 5052 casn
880 5012 977 5069 neque
1006 4994 1127 5052 omnino
1156 4994 1195 5052 ad
1225 4995 1368 5062 amussim
1395 4997 1437 5055 lit.

93 5103 136 5162 ln
162 5098 261 5157 altero
282 5115 369 5168 vero,
389 5097 471 5174 quod
491 5097 650 5173 proposui,
679 5097 846 5174 fragmento
870 5111 1102 5155 ...cuvrvnuvs
1125 5112 1189 5157 sax.
1204 5099 1233 5174 s.
1256 5114 1438 5158 ...maroa

21 5193 25 5200 ⁴
92 5205 233 5264 duorum
255 5216 400 5258 annorum
423 5199 553 5276 spatium
575 5199 699 5257 obtinet.
744 5196 805 5257 cur
827 5198 926 5257 album
948 5200 1021 5272 hoo,
1043 5217 1111 5257 mes
1131 5199 1318 5275 coniectura,
1341 5219 1439 5260 sacer·

1190 5299 1231 5358 7*
