3540 5828
340 515 412 586 202
747 535 867 587 von.1
892 535 1254 598 nunrovrssnnaavu.
1630 538 1684 588 aar

337 716 438 785 partes
471 720 578 770 essent.
630 707 793 770 Curatores
830 711 944 768 viarum
984 709 1050 785 lege
1085 707 1215 767 Viseliia
1249 709 1380 766 instituti
1413 727 1536 768 numero
1571 708 1679 786 plures

339 811 449 870 inerint
459 830 581 872 necesse
595 822 649 885 est,
661 831 729 872 nam
741 813 793 890 qui
803 813 974 870 nominatur
984 831 1014 870 v.
1026 811 1175 870 illitteris
1186 810 1255 868 licet
1266 811 1519 884 evanescentibus,
1536 810 1680 870 diversus

343 922 391 971 sat
406 915 527 973 omnino
540 935 558 972 a
573 925 708 974 curatore
725 935 753 974 v.
772 914 818 973 16.
843 913 953 974 Curam
966 932 1044 972 anno
1060 914 1175 972 finitam
1190 913 1284 972 fuisse
1300 914 1352 972 vix
1368 913 1560 985 crediderim
1581 912 1680 971 immo

339 1015 403 1073 fieri
416 1025 524 1092 potest,
534 1027 567 1075 ut
576 1027 735 1094 propterea
745 1017 935 1093 potissimum
943 1025 1096 1076 curatores
1109 1015 1235 1074 instituti
1243 1015 1313 1086 sint,
1325 1015 1404 1091 qnod
1411 1033 1550 1074 censores
1562 1015 1680 1091 quique

341 1127 499 1192 praeterea
520 1139 612 1197 opera
632 1120 753 1197 publica
773 1121 888 1179 maiora
907 1119 1046 1177 locabant
1067 1117 1103 1178 ab
1126 1119 1163 1176 iis
1186 1118 1340 1195 exigendis
1360 1117 1505 1194 temporis
1525 1117 1679 1194 angrrstiis

340 1219 659 1297 fereprohibebantnr.
684 1221 913 1281 Ordinariorum
934 1222 1161 1298 magistratuum
1176 1219 1396 1298 quodammodo
1420 1221 1550 1296 speciem
1564 1220 1586 1277 ii
1603 1237 1680 1295 prae

340 1338 372 1379 se
390 1322 499 1395 ierunt,
523 1343 588 1382 cnm
612 1343 719 1382 nomen
734 1325 874 1400 generale
895 1325 935 1382 sit
956 1323 1211 1400 aequabiliterque
1233 1322 1346 1394 redeat,
1369 1321 1496 1397 denique
1518 1329 1679 1380 curatores

341 1433 489 1500 quotquot
502 1426 624 1485 fuerunt
637 1426 733 1486 libera
747 1447 779 1484 re
793 1426 915 1503 publica
928 1427 959 1484 in
975 1426 1103 1484 comitiis
1117 1425 1178 1484 iere
1193 1426 1283 1485 creati
1296 1427 1366 1484 sint.
1403 1421 1463 1484 Sed
1474 1426 1546 1483 baso
1567 1423 1680 1483 fallere

338 1543 430 1602 posse
462 1528 561 1599 vidc03
593 1529 630 1586 de
659 1529 717 1587 hoc
744 1531 804 1586 iam
834 1536 949 1587 constat
978 1529 1103 1605 septimo
1130 1528 1211 1586 urbis
1242 1527 1362 1586 saeculo
1391 1544 1545 1586 censorem
1573 1527 1681 1602 operis

339 1630 378 1686 ab
407 1631 475 1706 ipso
512 1631 603 1691 locati
639 1630 778 1708 exigendi
815 1650 916 1691 curam
950 1630 1091 1690 mandare
1123 1631 1257 1708 potuisse
1294 1630 1382 1689 alicui
1421 1648 1460 1689 ex
1488 1630 1683 1689 curatoribus

340 1749 470 1790 tuarum.

423 1833 452 1893 6.
475 1835 622 1896 Extremo
644 1836 712 1895 loco
735 1837 933 1895 subscribitur
954 1853 1061 1895 nornen
1084 1836 1253 1912 quaestoris
1275 1836 1382 1895 urbani
1403 1852 1475 1894 casu
1497 1843 1603 1893 sexto:

492 1959 520 1996 v.
565 1938 597 1997 6:
621 1938 652 1996 Τ.
681 1938 762 1999 Vibio
786 1981 793 1996 .
817 1985 824 1998 .
848 1983 856 1997 .
889 1937 1156 2015 L(i)e(?)mandino
1177 1957 1205 2015 q.
1227 1940 1289 1997 arb.

491 2060 520 2098 v.
546 2042 597 2098 ll:
624 2040 657 2096 Τ.
688 2041 723 2101 Vi
748 2082 1132 2100 .............

491 2161 520 2200 v.
546 2143 597 2201 15:
621 2142 653 2201 Τ.
682 2141 763 2201 Vibio
784 2143 814 2200 L
847 2185 1135 2202 ..........

340 2241 418 2304 Cum
451 2264 542 2304 unum
574 2252 690 2303 tantum
727 2265 766 2304 ex
799 2246 927 2323 collegio
959 2262 1066 2303 nomen
1103 2252 1247 2320 ponatur,
1295 2246 1483 2304 statuendum
1524 2253 1572 2304 est
1609 2266 1682 2306 eum

339 2347 484 2426 intellegi,
506 2348 558 2424 qui
579 2348 699 2408 iubente
720 2365 843 2408 censore
864 2352 1020 2426 pecuniam
1043 2347 1174 2424 mancipi
1194 2346 1367 2406 attributam
1388 2348 1537 2408 solvisset.

424 2988 537 3048 Tribus
576 2992 682 3064 primis
721 2988 919 3048 locationibus
958 2997 1041 3064 patet
1094 2991 1238 3050 contineri
1289 2992 1369 3050 viam
1410 2988 1559 3051 Salariam
1606 2993 1678 3052 refi-

342 3089 475 3150 ciendam
504 3097 611 3161 totam3
650 3109 704 3148 nec
738 3090 827 3167 longe
863 3091 973 3150 distare
1008 3091 1115 3166 locum,
1156 3094 1206 3152 ubi
1237 3093 1316 3171 lapis
1351 3092 1526 3153 eruderatus
1563 3105 1621 3167 eat,
1658 3117 1680 3154 a

340 3204 428 3271 porta
450 3191 578 3264 Collina,
601 3190 680 3250 unde
701 3193 804 3251 exibat
823 3193 875 3252 via
895 3189 1015 3252 Salaria
1034 3195 1092 3253 iter
1111 3194 1256 3268 facturus,
1278 3206 1346 3272 apte
1360 3195 1522 3255 Hennenus
1544 3198 1676 3258 monuit.

341 3295 388 3354 Ea
408 3296 458 3354 via
483 3292 634 3353 reficiendi
662 3299 753 3352 causa
784 3295 816 3352 in
842 3303 904 3354 tres
925 3296 1078 3370 portiones
1100 3297 1198 3358 divisa
1218 3307 1278 3370 est,
1305 3306 1338 3356 ut
1362 3299 1459 3380 primo
1487 3296 1676 3378 redemptori

340 3397 463 3457 refectio
485 3396 675 3456 mandaretur
693 3397 732 3454 ad
751 3396 813 3455 mil.
835 3395 973 3469 XXXV,
997 3398 1082 3457 alteri
1103 3419 1122 3457 a
1145 3401 1207 3460 mil.
1228 3400 1366 3459 XXXVI
1386 3401 1423 3460 ad
1440 3399 1676 3477 Lxxxxvn,

341 3501 428 3561 tertio
463 3521 483 3559 a
517 3500 578 3573 mil.
615 3497 847 3558 LXXXXVIII
871 3500 911 3557 ad
950 3498 1038 3559 CXX
1064 3510 1094 3560 et
1121 3501 1208 3560 ultra.
1250 3501 1401 3562 Locorum
1438 3503 1675 3588 indicationibns

341 3620 419 3680 quac
450 3603 483 3661 in
517 3603 605 3662 titulo
633 3605 821 3661 continentur
856 3620 917 3660 non
947 3602 1184 3678 immorabimur;
1224 3606 1404 3665 conveniunt
1435 3607 1466 3664 in
1495 3606 1675 3667 universum

341 3725 408 3766 cum
429 3705 582 3765 itinerario
601 3705 683 3782 qnod
705 3703 845 3763 traditum
867 3705 1036 3783 accepimus
1057 3706 1129 3765 hoc:
