3510 5820
589 579 741 630 orarncr
758 581 953 633 sasamon.
1416 557 1437 627 3

110 747 137 806 δ’
159 747 216 826 ε’·γώ
239 747 328 811 adrdc
348 745 460 832 μεταξῦ
477 742 597 834 Μυρίνης
618 742 665 810 ani
681 743 778 825 lisinae
799 753 827 814 ἒς
847 747 884 811 rel
906 755 957 810 τοῦ
978 748 1068 810 αὐτοῦ
1086 741 1266 811 ’Ardaneae
1286 749 1359 834 ἱεροῦ
1379 741 1432 832 s’pea'

110 876 162 910 σια
189 852 217 910 e'u
243 855 285 929 τῷ
305 844 490 938 ὖπερκειμέιῳ
512 846 589 930 >tides
611 857 662 924 τῆς
682 844 775 925 πύλῃς
796 847 941 931 papiense
962 844 1009 912 uni
1031 842 1365 936 καλλίστοιςγρᾶμμασι
1387 874 1440 908 πα-

108 957 200 1015 λαιοῖς
226 945 293 1012 τᾶδε
319 947 482 1040 ἐπίγραμμα
508 943 594 1039 stipor.
638 957 745 1034 Itaque
775 959 852 1020 unde
877 957 925 1016 hic
951 974 1027 1016 unus
1053 957 1141 1014 fluxit
1161 955 1282 1028 titulus,
1309 953 1439 1012 indidem

109 1069 190 1116 certe
212 1058 393 1135 reliquorum
417 1076 537 1135 qnoque
559 1060 644 1136 origo
665 1061 827 1137 repetenda
845 1075 901 1132 est,
924 1067 954 1118 et
969 1078 1036 1118 cum
1048 1057 1239 1117 Vallicelluni
1253 1055 1440 1131 Parianique

110 1161 278 1238 apographi
304 1163 384 1220 idem
411 1161 502 1220 t'uerit
522 1161 720 1239 archetypon,
747 1163 925 1222 llontrnseni
947 1162 984 1220 de
1007 1159 1135 1238 Cyriaco
1157 1167 1276 1218 auctore
1297 1159 1439 1216 iudicium

109 1264 186 1320 satis
208 1264 368 1338 probatum
389 1277 445 1325 est.

194 1365 301 1424 Restat
322 1377 356 1426 ut
377 1368 526 1444 proferam
550 1369 629 1446 quod
652 1369 788 1428 versibus
810 1369 840 1428 in
856 1367 1054 1426 Vallieellano
1077 1373 1214 1425 accurate
1231 1363 1337 1422 diuisis
1352 1361 1438 1420 fidem
1538 1447 1540 1454 γ

106 1467 210 1526 faciat.
255 1469 291 1527 ln
313 1470 417 1529 eodem
440 1471 524 1529 cuius
546 1471 656 1530 lemma
677 1472 765 1530 modo
787 1470 912 1548 adposui
935 1469 1024 1528 titulo
1046 1469 1090 1527 sic
1112 1468 1266 1527 scribitur:

643 1684 799 1746 Ἀπολλωνι
821 1662 901 1770 wi·

644 1811 806 1872 mmetw
830 1813 837 1844 ι

644 1901 804 1976 φιλεταιρος

645 2003 790 2052 urrunnu.
816 2026 853 2036 -

107 2197 140 2245 ut
162 2195 266 2264 pateat
285 2185 437 2245 librarium
460 2195 619 2265 propterea
640 2186 755 2246 litteras
778 2208 859 2268 χρητ
880 2185 936 2244 v.l
962 2183 1110 2243 delevisse
1133 2184 1214 2260 quod
1230 2184 1261 2243 in
1276 2185 1438 2262 archetypo

107 2289 212 2347 versui
234 2288 364 2346 secundo
385 2288 503 2347 demum
524 2307 576 2348 eas
591 2289 681 2347 tribui
697 2288 889 2365 intellegeret.
924 2285 1137 2346 curiosissime
1151 2287 1242 2364 igitur
1257 2287 1333 2346 banc
1348 2287 1439 2345 officii

108 2392 156 2450 sui
179 2399 293 2467 partem
317 2399 490 2466 persecutus
512 2402 568 2452 est.
613 2387 681 2464 Qua
703 2409 734 2448 re
757 2389 814 2448 etsi
836 2408 895 2449 non
919 2389 1057 2460 elicitur,
1079 2390 1178 2466 ipsum
1200 2391 1289 2448 etiam
1311 2389 1439 2466 quadra·

107 2493 218 2551 tarium
241 2493 285 2549 ita
305 2511 408 2552 uersus
431 2493 637 2566 distribuisse,
664 2500 764 2551 tamen
786 2492 824 2550 ad
846 2493 877 2551 id
900 2493 979 2568 quod
1001 2492 1089 2550 nobis
1110 2512 1165 2569 pro
1188 2491 1351 2569 archetypo
1373 2509 1440 2550 esse

107 2595 198 2653 debet
224 2595 394 2672 exemplum
420 2596 557 2672 proxime
583 2596 776 2655 accessimus.
820 2593 939 2653 Etenim
967 2614 1032 2654 cam
1059 2594 1119 2672 ipsi
1145 2595 1261 2671 lapides
1287 2593 1439 2671 perierint,

2 2737 3 2740 η
110 2697 141 2753 in
169 2696 273 2755 eadem
300 2697 388 2775 plane
415 2715 508 2756 causa
533 2717 697 2768 versamur,
727 2706 815 2772 atque
841 2697 891 2773 qui
918 2696 1074 2773 scriptoris
1100 2697 1226 2756 alieuius
1248 2695 1355 2769 editor,
1380 2696 1440 2754 nisi

2 2820 4 2832 ·
111 2797 160 2856 ubi
184 2799 260 2856 ratio
281 2809 377 2871 vetat,
399 2800 464 2858 eius
487 2800 598 2859 codicis
621 2799 757 2876 sequitur
778 2799 997 2870 auctoritatem,
1021 2799 1073 2875 qui
1095 2799 1351 2858 accuratissimam
1373 2817 1439 2875 per-

109 2901 166 2959 diti
193 2891 347 2978 archetypi
376 2902 535 2979 imaginem
564 2902 674 2960 relerre
696 2901 838 2960 videatur.
886 2899 993 2978 Neque
1020 2901 1110 2960 eliam
1133 2902 1278 2960 rationem
1301 2902 1332 2959 in
1353 2902 1440 2959 resti·

109 3003 222 3061 tuenda
243 3004 370 3062 dialecto
392 3005 506 3062 aeolica
528 3013 647 3064 secutus
670 3022 752 3076 sum,
775 3005 861 3062 cuius
881 3003 993 3080 passim
1015 3003 1185 3062 oblitterata
1206 3010 1276 3062 sunt
1298 3003 1439 3080 vestigia3

109 3106 178 3164 cavi
204 3127 241 3164 ne
268 3124 328 3183 quo
351 3107 495 3165 aeolicum
516 3105 642 3165 formam
665 3107 701 3164 de
723 3123 790 3165 meo
811 3105 965 3177 inferrem,
993 3106 1052 3164 nisi
1074 3105 1124 3164 ubi
1147 3106 1254 3165 leviter
1275 3125 1294 3164 a
1316 3106 1440 3164 librario

108 3219 262 3284 peccatum
285 3225 353 3268 esse
374 3207 563 3268 manifestum
586 3208 657 3281 fuit3
680 3227 777 3284 neque
799 3226 859 3284 quo
881 3207 995 3266 monito
1017 3207 1069 3266 vix
1091 3227 1167 3286 opus
1190 3208 1297 3267 estad
1319 3224 1439 3266 severas

108 3328 230 3369 normas
257 3310 410 3369 titulorum
437 3311 599 3370 maximam
626 3320 740 3389 partem
771 3311 930 3369 recentium
952 3309 1108 3369 dialectum
1131 3310 1228 3387 exegi.
1272 3309 1335 3369 Diu
1356 3329 1440 3369 man·

2 3403 3 3422 ³
107 3413 188 3472 sisse
215 3411 376 3472 dialectum
403 3415 485 3491 apud
506 3413 648 3473 Aeolicus
671 3415 772 3472 ebrum
793 3422 853 3485 est,
883 3414 937 3472 sed
958 3421 1021 3472 arte
1044 3413 1140 3489 magis
1162 3412 1327 3490 quaesitam
1350 3430 1438 3488 quam

106 3525 216 3574 natura
237 3513 375 3586 insitam,
401 3533 498 3591 neque
519 3515 594 3592 quid
613 3515 670 3575 sibi
692 3515 861 3593 postularet
881 3515 1019 3586 rationis,
1047 3515 1125 3573 inter
1145 3515 1344 3591 posteriorum
1366 3523 1440 3572 tem·

2 3657 8 3670 „
104 3637 214 3694 porum
242 3617 379 3676 homines
407 3618 483 3676 satis
510 3618 674 3676 constabat.
718 3620 902 3676 Accentuum
924 3617 1007 3676 locus
1030 3636 1096 3692 cum
1119 3617 1289 3676 etiamnunc
1311 3616 1439 3676 difficilis

105 3720 145 3777 sit
167 3730 199 3778 et
222 3719 347 3779 arbitrio
369 3720 464 3796 magia
486 3737 575 3796 quum
597 3719 695 3796 legum
720 3719 888 3790 certitudini
911 3719 1070 3791 obnoxius,
1096 3719 1305 3796 grammaticos
1327 3719 1439 3791 audiui,

8 3891 12 3906 ..
103 3822 153 3879 ubi
179 3820 254 3898 qnid
277 3820 474 3894 tradiderunt,
496 3821 547 3880 ubi
568 3822 747 3895 deiecerant,
770 3821 884 3899 vulgari
906 3821 974 3881 usui
996 3819 1258 3880 obsecundandum
1281 3821 1393 3899 putavi.

627 4557 717 4636 Apud
738 4557 921 4635 Mytilenen.

316 4743 1436 4828 tuonnttttntoonnosten-noruntttltrtnetttontturbauerant

317 4845 1264 4931 nntnnntnuolrtnx·ettatinnonnttxtrwttfivfieretrtn
1290 4851 1436 4927 ΚΑΙΙΑΙἹΟ

317 4953 774 5029 ΠΡΟΓΟΝωΝΙΕΥΕΡΓΕΤΑΝ
785 4953 790 5028 Ι
801 4955 1007 5010 ΚΑΙΚΤΣΤΑΝ
1019 4953 1023 5030 1
1034 4953 1436 5029 ΤΑΣΠΟΛΙΟΣῄΑΜΜΕωΝ·

135 5101 143 5116 .
201 5043 210 5072 ⁸
318 5052 1435 5132 inuolaturum-nertstert1neernzenfittttnntxnx·rattruut!

315 5133 1436 5232 ΚΑΤωΣΕΒΑΣΤωΝΕ·ΙΑΝ·ΘΕΑΝΒΟΛΛΑΚΑΙΟΔΑΜΟΣΙΣΕΒΑΣΤΑΝ

316 5261 337 5314 Γ
340 5258 1021 5334 ΥΜΝΑΣΙΛΡΧΟΝ.ΙΔΙΑΙωΝοΣΙΟΥΛΙΑΝΑΓ
1024 5260 1201 5315 ΡΙΠΠΙΝΑΝ

1196 5358 1235 5416 10
