<?xml version="1.0" encoding="UTF-8"?>
<!DOCTYPE html PUBLIC "-//W3C//DTD XHTML 1.0 Transitional//EN"
    "http://www.w3.org/TR/xhtml1/DTD/xhtml1-transitional.dtd">
<html xmlns="http://www.w3.org/1999/xhtml" xml:lang="en" lang="en">
 <head>
  <title>
</title>
<meta http-equiv="Content-Type" content="text/html;charset=utf-8" />
  <meta name='ocr-system' content='tesseract 3.04.00' />
  <meta name='ocr-capabilities' content='ocr_page ocr_carea ocr_par ocr_line ocrx_word'/>
</head>
<body>
  <div class='ocr_page' id='page_1' title='image "./ephemerisepigra00henzgoog_0228.png"; bbox 0 0 3540 5828; ppageno 0'>
   <div class='ocr_carea' id='block_1_1' title="bbox 579 503 1453 577">
    <p class='ocr_par' dir='ltr' id='par_1_1' title="bbox 579 503 1453 577">
     <span class='ocr_line' id='line_1_1' title="bbox 579 503 1453 577; baseline -0.005 0"><span class='ocrx_word' id='word_1_1' title='bbox 579 526 634 576; x_wconf 76' lang='lat' dir='ltr'><strong>nn</strong></span> <span class='ocrx_word' id='word_1_2' title='bbox 651 525 753 577; x_wconf 71' lang='lat' dir='ltr'><strong>nonu</strong></span> <span class='ocrx_word' id='word_1_3' title='bbox 770 523 901 577; x_wconf 80' lang='lat' dir='ltr'><strong>rnnnn.</strong></span> <span class='ocrx_word' id='word_1_4' title='bbox 921 522 1008 575; x_wconf 79' lang='lat' dir='ltr'><strong>nov.</strong></span> <span class='ocrx_word' id='word_1_5' title='bbox 1302 549 1304 554; x_wconf 83' lang='lat'><strong>.</strong></span> <span class='ocrx_word' id='word_1_6' title='bbox 1381 503 1453 573; x_wconf 86' lang='grc'><strong>215</strong></span> 
     </span>
    </p>
   </div>
   <div class='ocr_carea' id='block_1_2' title="bbox 118 697 1511 2618">
    <p class='ocr_par' dir='ltr' id='par_1_2' title="bbox 120 697 1455 860">
     <span class='ocr_line' id='line_1_2' title="bbox 164 697 1455 777; baseline -0.002 -21"><span class='ocrx_word' id='word_1_7' title='bbox 164 697 201 756; x_wconf 92' lang='lat' dir='ltr'><strong>V.</strong></span> <span class='ocrx_word' id='word_1_8' title='bbox 223 698 324 756; x_wconf 80' lang='lat'><strong>7-16</strong></span> <span class='ocrx_word' id='word_1_9' title='bbox 361 698 515 757; x_wconf 78' lang='lat' dir='ltr'><strong>restitutio·</strong></span> <span class='ocrx_word' id='word_1_10' title='bbox 542 716 630 776; x_wconf 76' lang='lat' dir='ltr'><strong>quam</strong></span> <span class='ocrx_word' id='word_1_11' title='bbox 663 699 807 776; x_wconf 85' lang='lat' dir='ltr'><strong>proposui</strong></span> <span class='ocrx_word' id='word_1_12' title='bbox 840 717 919 758; x_wconf 88' lang='lat' dir='ltr'><strong>novo</strong></span> <span class='ocrx_word' id='word_1_13' title='bbox 946 698 1114 777; x_wconf 80' lang='lat' dir='ltr'><strong>fragmento</strong></span> <span class='ocrx_word' id='word_1_14' title='bbox 1142 697 1280 760; x_wconf 82' lang='lat' dir='ltr'><strong>adiuncto</strong></span> <span class='ocrx_word' id='word_1_15' title='bbox 1306 715 1366 755; x_wconf 91' lang='lat' dir='ltr'><strong>non</strong></span> <span class='ocrx_word' id='word_1_16' title='bbox 1393 715 1455 755; x_wconf 90' lang='lat' dir='ltr'><strong>mu·</strong></span> 
     </span>
     <span class='ocr_line' id='line_1_3' title="bbox 120 810 215 860; baseline -0.021 0"><span class='ocrx_word' id='word_1_17' title='bbox 120 810 215 860; x_wconf 69' lang='lat' dir='ltr'><strong>tatur.</strong></span> 
     </span>
    </p>

    <p class='ocr_par' dir='ltr' id='par_1_3' title="bbox 122 900 1454 1064">
     <span class='ocr_line' id='line_1_4' title="bbox 165 900 1454 982; baseline -0.002 -22"><span class='ocrx_word' id='word_1_18' title='bbox 165 901 202 961; x_wconf 87' lang='lat' dir='ltr'><strong>V.</strong></span> <span class='ocrx_word' id='word_1_19' title='bbox 227 902 264 960; x_wconf 83' lang='lat'><strong>17</strong></span> <span class='ocrx_word' id='word_1_20' title='bbox 294 903 468 980; x_wconf 78' lang='lat' dir='ltr'><strong>imperatori</strong></span> <span class='ocrx_word' id='word_1_21' title='bbox 493 903 553 962; x_wconf 83' lang='lat' dir='ltr'><strong>ium</strong></span> <span class='ocrx_word' id='word_1_22' title='bbox 583 902 701 962; x_wconf 90' lang='lat' dir='ltr'><strong>restitui</strong></span> <span class='ocrx_word' id='word_1_23' title='bbox 726 902 842 963; x_wconf 87' lang='lat' dir='ltr'><strong>titulum</strong></span> <span class='ocrx_word' id='word_1_24' title='bbox 867 907 995 982; x_wconf 77' lang='lat' dir='ltr'><strong>principi</strong></span> <span class='ocrx_word' id='word_1_25' title='bbox 1015 906 1194 981; x_wconf 75' lang='lat' dir='ltr'><strong>parentique</strong></span> <span class='ocrx_word' id='word_1_26' title='bbox 1210 912 1306 962; x_wconf 78' lang='lat' dir='ltr'><strong>uostw</strong></span> <span class='ocrx_word' id='word_1_27' title='bbox 1336 900 1454 960; x_wconf 76' lang='lat' dir='ltr'><strong>collutis</strong></span> 
     </span>
     <span class='ocr_line' id='line_1_5' title="bbox 122 1005 341 1064; baseline 0 0"><span class='ocrx_word' id='word_1_28' title='bbox 122 1005 201 1064; x_wconf 73' lang='lat' dir='ltr'><strong>setis</strong></span> <span class='ocrx_word' id='word_1_29' title='bbox 226 1025 253 1064; x_wconf 70' lang='lat' dir='ltr'><strong>s.</strong></span> <span class='ocrx_word' id='word_1_30' title='bbox 273 1005 341 1064; x_wconf 84' lang='lat'><strong>139.</strong></span> 
     </span>
    </p>

    <p class='ocr_par' dir='ltr' id='par_1_4' title="bbox 124 1106 1455 1288">
     <span class='ocr_line' id='line_1_6' title="bbox 168 1106 1455 1185; baseline -0.002 -18"><span class='ocrx_word' id='word_1_31' title='bbox 168 1107 206 1167; x_wconf 90' lang='lat' dir='ltr'><strong>V.</strong></span> <span class='ocrx_word' id='word_1_32' title='bbox 223 1107 271 1166; x_wconf 86' lang='grc'><strong>21.</strong></span> <span class='ocrx_word' id='word_1_33' title='bbox 290 1107 329 1165; x_wconf 84' lang='grc'><strong>22</strong></span> <span class='ocrx_word' id='word_1_34' title='bbox 350 1107 457 1167; x_wconf 81' lang='lat' dir='ltr'><strong>iratres</strong></span> <span class='ocrx_word' id='word_1_35' title='bbox 477 1106 529 1184; x_wconf 89' lang='lat' dir='ltr'><strong>qui</strong></span> <span class='ocrx_word' id='word_1_36' title='bbox 543 1107 701 1168; x_wconf 73' lang='lat' dir='ltr'><strong>adfuerunt</strong></span> <span class='ocrx_word' id='word_1_37' title='bbox 716 1109 882 1168; x_wconf 76' lang='lat' dir='ltr'><strong>accuratius</strong></span> <span class='ocrx_word' id='word_1_38' title='bbox 897 1109 1101 1168; x_wconf 76' lang='lat' dir='ltr'><strong>innotescunt:</strong></span> <span class='ocrx_word' id='word_1_39' title='bbox 1123 1107 1155 1167; x_wconf 93' lang='lat' dir='ltr'><strong>in</strong></span> <span class='ocrx_word' id='word_1_40' title='bbox 1169 1106 1368 1185; x_wconf 86' lang='lat' dir='ltr'><strong>promugistro</strong></span> <span class='ocrx_word' id='word_1_41' title='bbox 1383 1113 1455 1165; x_wconf 84' lang='lat' dir='ltr'><strong>note</strong></span> 
     </span>
     <span class='ocr_line' id='line_1_7' title="bbox 124 1209 564 1288; baseline -0.002 -19"><span class='ocrx_word' id='word_1_42' title='bbox 124 1209 273 1270; x_wconf 90' lang='lat' dir='ltr'><strong>omissum</strong></span> <span class='ocrx_word' id='word_1_43' title='bbox 295 1228 363 1269; x_wconf 87' lang='lat' dir='ltr'><strong>esse</strong></span> <span class='ocrx_word' id='word_1_44' title='bbox 385 1228 564 1288; x_wconf 84' lang='lat' dir='ltr'><strong>cognomen.</strong></span> 
     </span>
    </p>

    <p class='ocr_par' dir='ltr' id='par_1_5' title="bbox 121 1309 1511 2004">
     <span class='ocr_line' id='line_1_8' title="bbox 168 1309 1453 1390; baseline 0.001 -22"><span class='ocrx_word' id='word_1_45' title='bbox 168 1310 207 1368; x_wconf 87' lang='lat' dir='ltr'><strong>V.</strong></span> <span class='ocrx_word' id='word_1_46' title='bbox 224 1311 262 1370; x_wconf 87' lang='grc'><strong>23</strong></span> <span class='ocrx_word' id='word_1_47' title='bbox 290 1313 347 1370; x_wconf 83' lang='lat' dir='ltr'><strong>etsi</strong></span> <span class='ocrx_word' id='word_1_48' title='bbox 373 1313 492 1390; x_wconf 82' lang='lat' dir='ltr'>plenius</span> <span class='ocrx_word' id='word_1_49' title='bbox 520 1331 598 1372; x_wconf 87' lang='lat' dir='ltr'><strong>nnnc</strong></span> <span class='ocrx_word' id='word_1_50' title='bbox 620 1314 759 1390; x_wconf 88' lang='lat' dir='ltr'><strong>leguntur</strong></span> <span class='ocrx_word' id='word_1_51' title='bbox 780 1315 901 1373; x_wconf 80' lang='lat' dir='ltr'><strong>nomine</strong></span> <span class='ocrx_word' id='word_1_52' title='bbox 923 1314 1093 1385; x_wconf 83' lang='lat' dir='ltr'><strong>consulum,</strong></span> <span class='ocrx_word' id='word_1_53' title='bbox 1119 1312 1263 1372; x_wconf 79' lang='lat' dir='ltr'><strong>Auoidius</strong></span> <span class='ocrx_word' id='word_1_54' title='bbox 1285 1317 1315 1368; x_wconf 90' lang='lat' dir='ltr'><strong>et</strong></span> <span class='ocrx_word' id='word_1_55' title='bbox 1336 1309 1453 1371; x_wconf 77' lang='lat' dir='ltr'><strong>Gavius</strong></span> 
     </span>
     <span class='ocr_line' id='line_1_9' title="bbox 123 1412 1453 1492; baseline -0.002 -20"><span class='ocrx_word' id='word_1_56' title='bbox 123 1415 178 1490; x_wconf 90' lang='lat' dir='ltr'><strong>qni</strong></span> <span class='ocrx_word' id='word_1_57' title='bbox 200 1413 310 1474; x_wconf 82' lang='lat' dir='ltr'><strong>inerint</strong></span> <span class='ocrx_word' id='word_1_58' title='bbox 329 1433 389 1473; x_wconf 90' lang='lat' dir='ltr'><strong>non</strong></span> <span class='ocrx_word' id='word_1_59' title='bbox 411 1415 507 1492; x_wconf 83' lang='lat' dir='ltr'><strong>magis</strong></span> <span class='ocrx_word' id='word_1_60' title='bbox 529 1423 654 1474; x_wconf 79' lang='lat' dir='ltr'><strong>onustat.</strong></span> <span class='ocrx_word' id='word_1_61' title='bbox 695 1413 810 1475; x_wconf 77' lang='lat' dir='ltr'><strong>Gavius</strong></span> <span class='ocrx_word' id='word_1_62' title='bbox 831 1417 982 1476; x_wconf 80' lang='lat' dir='ltr'><strong>Maximus</strong></span> <span class='ocrx_word' id='word_1_63' title='bbox 1005 1415 1152 1475; x_wconf 75' lang='lat' dir='ltr'><strong>Antonini</strong></span> <span class='ocrx_word' id='word_1_64' title='bbox 1173 1414 1222 1473; x_wconf 93' lang='lat' dir='ltr'><strong>Pii</strong></span> <span class='ocrx_word' id='word_1_65' title='bbox 1243 1412 1337 1490; x_wconf 78' lang='lat' dir='ltr'><strong>praei.</strong></span> <span class='ocrx_word' id='word_1_66' title='bbox 1359 1421 1453 1488; x_wconf 81' lang='lat' dir='ltr'><strong>prust.</strong></span> 
     </span>
     <span class='ocr_line' id='line_1_10' title="bbox 122 1513 1453 1596; baseline -0.002 -22"><span class='ocrx_word' id='word_1_67' title='bbox 122 1513 240 1592; x_wconf 82' lang='lat' dir='ltr'><strong>(Cupit.</strong></span> <span class='ocrx_word' id='word_1_68' title='bbox 266 1516 341 1576; x_wconf 81' lang='lat' dir='ltr'><strong>Ant.</strong></span> <span class='ocrx_word' id='word_1_69' title='bbox 369 1518 404 1577; x_wconf 91' lang='lat' dir='ltr'><strong>P.</strong></span> <span class='ocrx_word' id='word_1_70' title='bbox 432 1517 488 1592; x_wconf 88' lang='grc'><strong>8),</strong></span> <span class='ocrx_word' id='word_1_71' title='bbox 517 1518 649 1594; x_wconf 79' lang='lat' dir='ltr'><strong>equestri</strong></span> <span class='ocrx_word' id='word_1_72' title='bbox 675 1519 765 1595; x_wconf 89' lang='lat' dir='ltr'><strong>igitur</strong></span> <span class='ocrx_word' id='word_1_73' title='bbox 794 1519 953 1578; x_wconf 82' lang='lat' dir='ltr'><strong>etiamtunc</strong></span> <span class='ocrx_word' id='word_1_74' title='bbox 982 1518 1125 1596; x_wconf 78' lang='lat' dir='ltr'><strong>dignitate</strong></span> <span class='ocrx_word' id='word_1_75' title='bbox 1151 1517 1304 1594; x_wconf 78' lang='lat' dir='ltr'><strong>praeditus</strong></span> <span class='ocrx_word' id='word_1_76' title='bbox 1332 1516 1453 1574; x_wconf 90' lang='lat' dir='ltr'><strong>omniuo</strong></span> 
     </span>
     <span class='ocr_line' id='line_1_11' title="bbox 122 1617 1452 1698; baseline -0.002 -22"><span class='ocrx_word' id='word_1_77' title='bbox 122 1617 264 1677; x_wconf 84' lang='lat' dir='ltr'><strong>diversus</strong></span> <span class='ocrx_word' id='word_1_78' title='bbox 290 1618 349 1678; x_wconf 86' lang='lat' dir='ltr'><strong>init</strong></span> <span class='ocrx_word' id='word_1_79' title='bbox 374 1619 411 1678; x_wconf 78' lang='lat' dir='ltr'><strong>ub</strong></span> <span class='ocrx_word' id='word_1_80' title='bbox 439 1619 496 1678; x_wconf 89' lang='lat' dir='ltr'><strong>hoo</strong></span> <span class='ocrx_word' id='word_1_81' title='bbox 516 1619 638 1679; x_wconf 81' lang='lat' dir='ltr'><strong>consule</strong></span> <span class='ocrx_word' id='word_1_82' title='bbox 659 1621 700 1679; x_wconf 87' lang='lat' dir='ltr'><strong>M.</strong></span> <span class='ocrx_word' id='word_1_83' title='bbox 724 1618 830 1680; x_wconf 79' lang='lat' dir='ltr'><strong>Gavio.</strong></span> <span class='ocrx_word' id='word_1_84' title='bbox 875 1619 1014 1698; x_wconf 80' lang='lat' dir='ltr'><strong>Cogitavi</strong></span> <span class='ocrx_word' id='word_1_85' title='bbox 1039 1620 1076 1679; x_wconf 87' lang='lat' dir='ltr'><strong>de</strong></span> <span class='ocrx_word' id='word_1_86' title='bbox 1100 1619 1142 1677; x_wconf 86' lang='grc' dir='ltr'><strong>Μ.</strong></span> <span class='ocrx_word' id='word_1_87' title='bbox 1168 1617 1265 1678; x_wconf 78' lang='lat' dir='ltr'><strong>Gavio</strong></span> <span class='ocrx_word' id='word_1_88' title='bbox 1287 1617 1324 1676; x_wconf 87' lang='grc' dir='ltr'><strong>Τ.</strong></span> <span class='ocrx_word' id='word_1_89' title='bbox 1346 1617 1367 1676; x_wconf 84' lang='lat' dir='ltr'><strong>f.</strong></span> <span class='ocrx_word' id='word_1_90' title='bbox 1384 1617 1452 1676; x_wconf 87' lang='lat' dir='ltr'><strong>Vel.</strong></span> 
     </span>
     <span class='ocr_line' id='line_1_12' title="bbox 121 1719 1453 1800; baseline 0.001 -23"><span class='ocrx_word' id='word_1_91' title='bbox 121 1719 258 1796; x_wconf 84' lang='lat' dir='ltr'><strong>Appulio</strong></span> <span class='ocrx_word' id='word_1_92' title='bbox 284 1720 418 1780; x_wconf 73' lang='lat' dir='ltr'><strong>Maximo</strong></span> <span class='ocrx_word' id='word_1_93' title='bbox 447 1739 472 1780; x_wconf 89' lang='lat' dir='ltr'><strong>e.</strong></span> <span class='ocrx_word' id='word_1_94' title='bbox 500 1742 528 1780; x_wconf 83' lang='lat' dir='ltr'><strong>v.</strong></span> <span class='ocrx_word' id='word_1_95' title='bbox 559 1722 656 1782; x_wconf 75' lang='lat' dir='ltr'><strong>sodali</strong></span> <span class='ocrx_word' id='word_1_96' title='bbox 684 1722 879 1794; x_wconf 77' lang='lat' dir='ltr'><strong>Huduisnuh,</strong></span> <span class='ocrx_word' id='word_1_97' title='bbox 905 1723 1004 1800; x_wconf 81' lang='lat' dir='ltr'><strong>legato</strong></span> <span class='ocrx_word' id='word_1_98' title='bbox 1035 1721 1208 1798; x_wconf 80' lang='lat' dir='ltr'><strong>provinciae</strong></span> <span class='ocrx_word' id='word_1_99' title='bbox 1235 1719 1453 1790; x_wconf 75' lang='lat' dir='ltr'><strong>Narbonensis,</strong></span> 
     </span>
     <span class='ocr_line' id='line_1_13' title="bbox 121 1822 1511 1901; baseline 0 -21"><span class='ocrx_word' id='word_1_100' title='bbox 121 1831 284 1900; x_wconf 76' lang='lat' dir='ltr'><strong>quaestore</strong></span> <span class='ocrx_word' id='word_1_101' title='bbox 310 1823 443 1901; x_wconf 81' lang='lat' dir='ltr'><strong>Augusti</strong></span> <span class='ocrx_word' id='word_1_102' title='bbox 470 1823 598 1900; x_wconf 78' lang='lat' dir='ltr'><strong>(Mutat.</strong></span> <span class='ocrx_word' id='word_1_103' title='bbox 623 1823 696 1898; x_wconf 87' lang='grc'><strong>192,</strong></span> <span class='ocrx_word' id='word_1_104' title='bbox 722 1825 768 1901; x_wconf 86' lang='grc'><strong>1);</strong></span> <span class='ocrx_word' id='word_1_105' title='bbox 797 1826 850 1884; x_wconf 87' lang='lat' dir='ltr'><strong>sed</strong></span> <span class='ocrx_word' id='word_1_106' title='bbox 875 1823 976 1884; x_wconf 80' lang='lat' dir='ltr'><strong>obstat</strong></span> <span class='ocrx_word' id='word_1_107' title='bbox 1002 1824 1107 1884; x_wconf 88' lang='lat' dir='ltr'><strong>titulus</strong></span> <span class='ocrx_word' id='word_1_108' title='bbox 1133 1823 1293 1883; x_wconf 76' lang='lat' dir='ltr'><strong>clarissimi</strong></span> <span class='ocrx_word' id='word_1_109' title='bbox 1320 1823 1377 1881; x_wconf 88' lang='lat' dir='ltr'><strong>viri</strong></span> <span class='ocrx_word' id='word_1_110' title='bbox 1402 1822 1453 1881; x_wconf 93' lang='lat' dir='ltr'><strong>Pii</strong></span> <span class='ocrx_word' id='word_1_111' title='bbox 1509 1849 1511 1853; x_wconf 96' lang='lat'>·</span> 
     </span>
     <span class='ocr_line' id='line_1_14' title="bbox 121 1923 1339 2004; baseline -0.001 -20"><span class='ocrx_word' id='word_1_112' title='bbox 121 1932 223 1984; x_wconf 74' lang='lat' dir='ltr'><strong>aetate</strong></span> <span class='ocrx_word' id='word_1_113' title='bbox 244 1943 348 2003; x_wconf 86' lang='lat' dir='ltr'><strong>purum</strong></span> <span class='ocrx_word' id='word_1_114' title='bbox 371 1926 508 1986; x_wconf 78' lang='lat' dir='ltr'><strong>usitatus.</strong></span> <span class='ocrx_word' id='word_1_115' title='bbox 551 1927 593 1986; x_wconf 90' lang='lat' dir='ltr'><strong>M.</strong></span> <span class='ocrx_word' id='word_1_116' title='bbox 617 1923 734 1987; x_wconf 82' lang='lat' dir='ltr'><strong>Gavius</strong></span> <span class='ocrx_word' id='word_1_117' title='bbox 756 1926 833 1986; x_wconf 83' lang='lat' dir='ltr'><strong>eiius</strong></span> <span class='ocrx_word' id='word_1_118' title='bbox 857 1924 970 1986; x_wconf 87' lang='lat' dir='ltr'><strong>Orfitus</strong></span> <span class='ocrx_word' id='word_1_119' title='bbox 991 1927 1088 1987; x_wconf 80' lang='lat' dir='ltr'><strong>tuscos</strong></span> <span class='ocrx_word' id='word_1_120' title='bbox 1109 1927 1204 2004; x_wconf 79' lang='lat' dir='ltr'><strong>gessit</strong></span> <span class='ocrx_word' id='word_1_121' title='bbox 1224 1944 1251 1984; x_wconf 86' lang='lat' dir='ltr'><strong>a.</strong></span> <span class='ocrx_word' id='word_1_122' title='bbox 1270 1925 1339 1984; x_wconf 87' lang='grc'><strong>165.</strong></span> 
     </span>
    </p>

    <p class='ocr_par' dir='ltr' id='par_1_6' title="bbox 121 2025 1452 2311">
     <span class='ocr_line' id='line_1_15' title="bbox 169 2025 1452 2107; baseline 0.002 -24"><span class='ocrx_word' id='word_1_123' title='bbox 169 2025 208 2084; x_wconf 87' lang='lat' dir='ltr'><strong>V.</strong></span> <span class='ocrx_word' id='word_1_124' title='bbox 224 2025 272 2085; x_wconf 83' lang='grc'><strong>24.</strong></span> <span class='ocrx_word' id='word_1_125' title='bbox 289 2025 328 2087; x_wconf 83' lang='grc'><strong>25</strong></span> <span class='ocrx_word' id='word_1_126' title='bbox 354 2027 472 2086; x_wconf 82' lang='lat' dir='ltr'><strong>litterae</strong></span> <span class='ocrx_word' id='word_1_127' title='bbox 498 2045 572 2088; x_wconf 75' lang='lat' dir='ltr'><strong>runs</strong></span> <span class='ocrx_word' id='word_1_128' title='bbox 598 2029 628 2086; x_wconf 93' lang='lat' dir='ltr'><strong>in</strong></span> <span class='ocrx_word' id='word_1_129' title='bbox 650 2029 709 2088; x_wconf 86' lang='lat' dir='ltr'><strong>fine</strong></span> <span class='ocrx_word' id='word_1_130' title='bbox 731 2049 757 2088; x_wconf 89' lang='lat' dir='ltr'><strong>v.</strong></span> <span class='ocrx_word' id='word_1_131' title='bbox 774 2028 813 2088; x_wconf 89' lang='grc'><strong>24</strong></span> <span class='ocrx_word' id='word_1_132' title='bbox 834 2037 970 2107; x_wconf 76' lang='lat' dir='ltr'><strong>repertae</strong></span> <span class='ocrx_word' id='word_1_133' title='bbox 995 2028 1213 2089; x_wconf 87' lang='lat' dir='ltr'><strong>restitutionem</strong></span> <span class='ocrx_word' id='word_1_134' title='bbox 1233 2028 1263 2086; x_wconf 94' lang='lat' dir='ltr'><strong>in</strong></span> <span class='ocrx_word' id='word_1_135' title='bbox 1285 2027 1363 2086; x_wconf 88' lang='lat' dir='ltr'><strong>libro</strong></span> <span class='ocrx_word' id='word_1_136' title='bbox 1384 2046 1452 2104; x_wconf 89' lang='lat' dir='ltr'><strong>pro·</strong></span> 
     </span>
     <span class='ocr_line' id='line_1_16' title="bbox 121 2128 1450 2210; baseline 0.001 -23"><span class='ocrx_word' id='word_1_137' title='bbox 121 2129 256 2206; x_wconf 79' lang='lat' dir='ltr'><strong>positum</strong></span> <span class='ocrx_word' id='word_1_138' title='bbox 284 2129 498 2190; x_wconf 81' lang='lat' dir='ltr'><strong>immutandum</strong></span> <span class='ocrx_word' id='word_1_139' title='bbox 519 2148 588 2190; x_wconf 88' lang='lat' dir='ltr'><strong>esse</strong></span> <span class='ocrx_word' id='word_1_140' title='bbox 610 2131 780 2191; x_wconf 88' lang='lat' dir='ltr'><strong>ostendunt.</strong></span> <span class='ocrx_word' id='word_1_141' title='bbox 823 2130 942 2191; x_wconf 89' lang='lat' dir='ltr'><strong>Nomen</strong></span> <span class='ocrx_word' id='word_1_142' title='bbox 962 2130 1154 2210; x_wconf 84' lang='lat' dir='ltr'><strong>promugistri</strong></span> <span class='ocrx_word' id='word_1_143' title='bbox 1175 2130 1328 2206; x_wconf 88' lang='lat' dir='ltr'><strong>desumpsi</strong></span> <span class='ocrx_word' id='word_1_144' title='bbox 1350 2148 1389 2188; x_wconf 88' lang='lat' dir='ltr'><strong>ex</strong></span> <span class='ocrx_word' id='word_1_145' title='bbox 1412 2128 1450 2188; x_wconf 89' lang='grc'><strong>29</strong></span> 
     </span>
     <span class='ocr_line' id='line_1_17' title="bbox 121 2231 1080 2311; baseline 0.002 -21"><span class='ocrx_word' id='word_1_146' title='bbox 121 2232 239 2291; x_wconf 88' lang='lat' dir='ltr'><strong>omisso</strong></span> <span class='ocrx_word' id='word_1_147' title='bbox 265 2233 441 2310; x_wconf 85' lang='lat' dir='ltr'><strong>eognomine</strong></span> <span class='ocrx_word' id='word_1_148' title='bbox 465 2241 588 2310; x_wconf 87' lang='lat' dir='ltr'><strong>propter</strong></span> <span class='ocrx_word' id='word_1_149' title='bbox 609 2234 777 2311; x_wconf 78' lang='lat' dir='ltr'><strong>angustiam</strong></span> <span class='ocrx_word' id='word_1_150' title='bbox 800 2234 903 2311; x_wconf 80' lang='lat' dir='ltr'><strong>spatii:</strong></span> <span class='ocrx_word' id='word_1_151' title='bbox 927 2233 964 2293; x_wconf 80' lang='lat' dir='ltr'><strong>cs.</strong></span> <span class='ocrx_word' id='word_1_152' title='bbox 986 2253 1013 2292; x_wconf 81' lang='lat' dir='ltr'><strong>r.</strong></span> <span class='ocrx_word' id='word_1_153' title='bbox 1032 2231 1080 2292; x_wconf 93' lang='grc'><strong>21.</strong></span> 
     </span>
    </p>

    <p class='ocr_par' dir='ltr' id='par_1_7' title="bbox 118 2332 1451 2618">
     <span class='ocr_line' id='line_1_18' title="bbox 167 2332 1451 2420; baseline 0 -28"><span class='ocrx_word' id='word_1_154' title='bbox 167 2333 206 2392; x_wconf 93' lang='lat' dir='ltr'><strong>V.</strong></span> <span class='ocrx_word' id='word_1_155' title='bbox 222 2332 261 2392; x_wconf 87' lang='grc'><strong>28</strong></span> <span class='ocrx_word' id='word_1_156' title='bbox 290 2332 326 2393; x_wconf 83' lang='lat'><strong>1..</strong></span> <span class='ocrx_word' id='word_1_157' title='bbox 349 2333 508 2420; x_wconf 76' lang='lat' dir='ltr'><strong>Lollianus</strong></span> <span class='ocrx_word' id='word_1_158' title='bbox 531 2335 641 2395; x_wconf 80' lang='lat' dir='ltr'><strong>Avitus</strong></span> <span class='ocrx_word' id='word_1_159' title='bbox 667 2355 743 2416; x_wconf 89' lang='lat' dir='ltr'><strong>puer</strong></span> <span class='ocrx_word' id='word_1_160' title='bbox 768 2345 869 2412; x_wconf 86' lang='lat' dir='ltr'><strong>potest</strong></span> <span class='ocrx_word' id='word_1_161' title='bbox 889 2352 957 2395; x_wconf 89' lang='lat' dir='ltr'><strong>esse</strong></span> <span class='ocrx_word' id='word_1_162' title='bbox 977 2333 1013 2395; x_wconf 89' lang='lat' dir='ltr'><strong>L.</strong></span> <span class='ocrx_word' id='word_1_163' title='bbox 1036 2334 1153 2395; x_wconf 87' lang='lat' dir='ltr'><strong>Hedius</strong></span> <span class='ocrx_word' id='word_1_164' title='bbox 1174 2333 1272 2395; x_wconf 80' lang='lat' dir='ltr'><strong>Rufus</strong></span> <span class='ocrx_word' id='word_1_165' title='bbox 1294 2333 1451 2394; x_wconf 82' lang='lat' dir='ltr'><strong>Lollianus</strong></span> 
     </span>
     <span class='ocr_line' id='line_1_19' title="bbox 118 2435 1449 2516; baseline -0.001 -20"><span class='ocrx_word' id='word_1_166' title='bbox 118 2435 235 2496; x_wconf 79' lang='lat' dir='ltr'><strong>Avitus</strong></span> <span class='ocrx_word' id='word_1_167' title='bbox 257 2437 294 2510; x_wconf 86' lang='lat' dir='ltr'><strong>is,</strong></span> <span class='ocrx_word' id='word_1_168' title='bbox 315 2437 368 2513; x_wconf 92' lang='lat' dir='ltr'><strong>qui</strong></span> <span class='ocrx_word' id='word_1_169' title='bbox 390 2454 468 2496; x_wconf 84' lang='lat' dir='ltr'><strong>unuo</strong></span> <span class='ocrx_word' id='word_1_170' title='bbox 482 2436 541 2496; x_wconf 81' lang='lat'><strong>1⁷0</strong></span> <span class='ocrx_word' id='word_1_171' title='bbox 562 2439 639 2497; x_wconf 88' lang='lat' dir='ltr'><strong>iuter</strong></span> <span class='ocrx_word' id='word_1_172' title='bbox 660 2439 754 2498; x_wconf 80' lang='lat' dir='ltr'><strong>salios</strong></span> <span class='ocrx_word' id='word_1_173' title='bbox 769 2437 925 2498; x_wconf 78' lang='lat' dir='ltr'><strong>Palatinos</strong></span> <span class='ocrx_word' id='word_1_174' title='bbox 946 2445 1103 2516; x_wconf 75' lang='lat' dir='ltr'><strong>cooptatus</strong></span> <span class='ocrx_word' id='word_1_175' title='bbox 1119 2447 1178 2498; x_wconf 88' lang='lat' dir='ltr'><strong>est:</strong></span> <span class='ocrx_word' id='word_1_176' title='bbox 1201 2435 1238 2497; x_wconf 81' lang='lat' dir='ltr'><strong>oi.</strong></span> <span class='ocrx_word' id='word_1_177' title='bbox 1253 2436 1363 2497; x_wconf 72' lang='lat' dir='ltr'><strong>Marini</strong></span> <span class='ocrx_word' id='word_1_178' title='bbox 1378 2435 1449 2496; x_wconf 80' lang='lat' dir='ltr'><strong>Aru.</strong></span> 
     </span>
     <span class='ocr_line' id='line_1_20' title="bbox 118 2537 840 2618; baseline 0.007 -23"><span class='ocrx_word' id='word_1_179' title='bbox 118 2557 154 2616; x_wconf 93' lang='lat' dir='ltr'><strong>p.</strong></span> <span class='ocrx_word' id='word_1_180' title='bbox 173 2537 232 2596; x_wconf 87' lang='grc'><strong>166</strong></span> <span class='ocrx_word' id='word_1_181' title='bbox 255 2545 285 2597; x_wconf 86' lang='lat' dir='ltr'><strong>et</strong></span> <span class='ocrx_word' id='word_1_182' title='bbox 306 2537 453 2616; x_wconf 85' lang='lat' dir='ltr'><strong>Borghesi</strong></span> <span class='ocrx_word' id='word_1_183' title='bbox 476 2557 592 2600; x_wconf 81' lang='lat' dir='ltr'><strong>oeuvres</strong></span> <span class='ocrx_word' id='word_1_184' title='bbox 614 2541 634 2598; x_wconf 81' lang='lat'>4</span> <span class='ocrx_word' id='word_1_185' title='bbox 655 2561 684 2618; x_wconf 88' lang='lat' dir='ltr'><strong>p.</strong></span> <span class='ocrx_word' id='word_1_186' title='bbox 701 2539 840 2618; x_wconf 87' lang='lat' dir='ltr'><strong>510sqq.</strong></span> 
     </span>
    </p>
   </div>
   <div class='ocr_carea' id='block_1_3' title="bbox 1192 2663 1406 2736">
    <p class='ocr_par' dir='ltr' id='par_1_8' title="bbox 1192 2663 1406 2736">
     <span class='ocr_line' id='line_1_21' title="bbox 1192 2663 1406 2736; baseline -0.009 0"><span class='ocrx_word' id='word_1_187' title='bbox 1192 2677 1241 2736; x_wconf 86' lang='lat' dir='ltr'><strong>W.</strong></span> <span class='ocrx_word' id='word_1_188' title='bbox 1252 2663 1406 2736; x_wconf 72' lang='lat' dir='ltr'><strong>¹Hermion.</strong></span> 
     </span>
    </p>
   </div>
   <div class='ocr_carea' id='block_1_4' title="bbox 0 0 1777 5828">
    <p class='ocr_par' dir='ltr' id='par_1_9' title="bbox 0 0 1777 5828">
     <span class='ocr_line' id='line_1_22' title="bbox 0 0 1777 5828; baseline 0 0"><span class='ocrx_word' id='word_1_189' title='bbox 0 0 1777 5828; x_wconf 95' lang='lat' dir='ltr'><strong> </strong></span> 
     </span>
    </p>
   </div>
  </div>
 </body>
</html>
