3540 5828
314 517 385 586 150
542 587 545 592 ,
742 527 1047 579 aunrrauunrvu
1067 525 1150 577 voa.
1170 527 1199 576 rr

311 633 463 643 ————

310 706 389 782 quod
406 705 555 782 Berlanga
577 703 634 761 sibi
656 701 813 779 persuasit,
835 701 1012 759 Italicenses
1035 718 1086 758 eos
1109 701 1213 770 luisse,
1234 701 1285 775 qui
1308 719 1336 756 v.
1356 698 1392 756 10
1415 696 1640 774 compellantur.
1747 687 1752 696 ’

312 807 392 866 Nam
419 816 451 865 ut
478 825 530 866 aes
553 803 772 881 Salpensauum
798 823 858 863 una
883 822 950 862 eum
971 795 1152 862 Malaeitano
1179 804 1331 860 inventam
1354 808 1402 859 est
1423 798 1573 868 Malacae,
1599 797 1644 854 ita

268 907 271 918 ⁴
314 910 403 968 etiam
430 910 486 966 hoe
510 908 708 986 fragmentum
736 906 853 965 aliunde
880 905 988 964 advehi
1014 906 1112 982 potuit
1133 905 1280 963 Italicam.
1326 901 1386 964 Sed
1408 909 1442 960 at
1462 899 1644 959 concedatur

314 1013 351 1070 ad
372 1011 549 1070 Italicenses
570 1009 758 1070 referendum
781 1025 848 1067 ease
871 1008 999 1067 edietum
1021 1009 1048 1066 si
1069 1027 1129 1066 non
1151 1016 1245 1078 certo,
1275 1017 1306 1066 at
1327 1013 1425 1064 tamen
1448 1003 1645 1080 probabiliter

312 1123 435 1192 propter
460 1114 558 1171 locum
581 1112 708 1182 inventi,
735 1112 820 1187 ipsae
842 1109 927 1169 v.10
949 1109 1092 1185 reliquiae
1115 1110 1254 1180 suadent,
1282 1116 1316 1165 ut
1336 1127 1401 1166 eam
1427 1108 1539 1185 legem,
1564 1122 1644 1180 quae

312 1217 354 1276 ibi
380 1226 574 1286 memoratur,
609 1215 808 1291 antiquiorem
837 1213 969 1289 aliquam
998 1230 1065 1270 esse
1092 1229 1267 1271 censeamus
1296 1211 1360 1270 sive
1389 1208 1551 1286 municipio
1580 1207 1644 1264 sive

313 1319 450 1379 coloniae
476 1319 590 1388 datam,
619 1336 678 1374 nen
700 1317 777 1375 hanc
797 1317 911 1393 ipsam,
938 1315 1206 1391 auiastlrustulum
1229 1325 1374 1373 tenemus.
1416 1312 1522 1387 Itaque
1549 1328 1645 1385 quan·

313 1440 403 1499 qaam
430 1398 506 1498 quae
535 1419 686 1498 Berlanga
712 1419 869 1496 proposuit
895 1417 1104 1495 supplementa
1132 1418 1273 1494 pleraque
1301 1415 1372 1474 ferri
1398 1431 1488 1491 posse
1515 1431 1575 1470 non
1603 1411 1646 1468 vi·

314 1526 433 1594 dentur,
467 1542 533 1582 cum
564 1521 738 1598 praesertim
772 1540 808 1579 ne
840 1529 990 1579 structura
1019 1520 1140 1608 quidem
1173 1520 1210 1579 iis
1244 1519 1390 1577 efficiatur
1423 1523 1453 1575 et
1483 1515 1646 1593 perspicua

199 1641 205 1660 “
315 1628 389 1687 satis
416 1635 446 1684 et
473 1623 601 1697 Latina,
633 1633 733 1684 tamen
764 1623 926 1700 adscripsi,
960 1623 1031 1701 quia
1057 1643 1118 1682 non
1146 1622 1229 1682 nulla
1257 1621 1429 1681 reete'sine
1458 1619 1547 1678 dubio
1576 1636 1646 1694 pro-

314 1729 424 1806 posuit.
471 1725 548 1787 Sunt
570 1734 669 1786 autem
690 1729 777 1786 haee:

627 1931 635 1950 .
659 1887 676 1947 .”
689 1931 1042 1950 ............
1080 1890 1157 1966 quod
1170 1888 1251 1965 fi]eri

625 2003 754 2069 oporteat
774 1997 805 2050 in
826 1994 1064 2052 aaaaordinan'is
1086 1992 1234 2068 eop]nitio-

623 2095 719 2171 nibus]
895 2101 900 2106 “

584 2199 662 2274 quod
683 2201 742 2256 eiua
764 2201 795 2255 in
816 2201 883 2256 novi
904 2197 1012 2274 operis]
1033 2200 1222 2256 nuntiationes

529 2319 541 2358 a
584 2319 617 2358 ea
640 2301 698 2377 lepe
725 2299 843 2376 Ulp(io)
866 2308 980 2359 eaamrn
1001 2300 1050 2376 sit]
1072 2300 1221 2358 obtutari
1243 2299 1322 2358 debe·

583 2402 659 2460 bitur
681 2413 707 2462 et
729 2407 755 2460 si
776 2404 817 2460 ad
836 2402 937 2478 anaba
957 2404 1078 2462 iadicem
1100 2403 1188 2461 ibitur

585 2524 702 2581 eamque
722 2503 825 2580 noo(a)
848 2503 965 2581 ap(era)
986 2505 1163 2581 nuntie]ntar
1183 2507 1277 2563 eodem
1298 2505 1381 2562 modo

586 2610 658 2666 eatis
680 2609 751 2665 dure
772 2607 1000 2684 oportebatque
1022 2618 1055 2667 at
1074 2611 1180 2684 recape-

587 2721 697 2768 rutoree
720 2709 893 2785 sortiantur
914 2709 973 2786 lupe
994 2730 1080 2788 quarn
1099 2709 1178 2768 vebia

520 2830 545 2870 ao
587 2812 651 2869 diua
673 2811 876 2888 Hadrian(aa)
898 2812 1004 2888 mit]tit.

324 2973 450 3053 Singula
469 2975 606 3034 refellere
627 2975 723 3046 nolui;
745 2994 822 3053 quae
843 2977 1039 3053 probabiliter
1056 2977 1250 3054 proposuisse
1264 2977 1415 3053 putandus
1431 2984 1475 3036 est
1490 2975 1654 3054 Berlanga,

324 3079 361 3137 iis
383 3079 588 3139 Mommsenus
611 3094 684 3136 usus
706 3078 803 3137 estin
825 3079 1023 3152 restitutione,
1046 3098 1122 3156 quae
1143 3078 1223 3138 insra
1243 3079 1386 3156 sequitur.

1314 3238 1398 3297 Anu.
1420 3235 1568 3296 Hieran.

412 3983 461 4041 Ad
483 3983 685 4042 nuntiationes
707 3982 867 4061 epistulam
888 3983 1035 4060 pertinere
1057 4002 1123 4042 cum
1146 3993 1262 4059 pateat,
1284 3982 1435 4062 Berlanga
1455 3983 1601 4082 cogitavit
1622 3983 1661 4042 de

329 4086 429 4164 operis
451 4085 521 4144 novi
542 4085 736 4144 nuntiatione.
778 4088 819 4142 At
840 4086 877 4143 de
898 4105 934 4143 ea
955 4103 1007 4143 eur
1029 4085 1192 4163 imperator
1213 4086 1251 4145 ad
1273 4085 1448 4145 Italicenses
1470 4086 1662 4144 constitutio·
1761 4149 1765 4154 ,

330 4207 396 4246 nem
424 4187 551 4260 dederit,
578 4207 682 4263 purum
709 4187 909 4264 intellegitur,
936 4205 990 4246 nec
1016 4187 1127 4263 plurali
1153 4207 1276 4247 numero
1302 4189 1332 4246 in
1360 4208 1396 4246 ea
1421 4189 1493 4247 iuris
1520 4197 1662 4247 auctores

330 4290 418 4348 facile
446 4298 576 4348 utuntur.
620 4289 694 4348 Mihi
722 4289 842 4348 dubium
869 4307 928 4348 uon
950 4297 997 4348 est
1018 4290 1219 4350 nuntiationes
1241 4291 1277 4348 ad
1300 4293 1404 4350 fiscum
1425 4290 1575 4368 intellegi,
1604 4292 1664 4350 sci·

330 4391 400 4450 licet
426 4392 668 4463 commissorum,
690 4391 884 4462 caducorum,
911 4391 1057 4451 banorum
1082 4395 1251 4452 vacantium
1274 4393 1474 4470 similiumque
1501 4393 1593 4471 (Dig.
1610 4395 1663 4464 49,

335 4495 418 4565 15‚1
445 4494 530 4569 eet.);
559 4494 596 4554 de
621 4494 658 4552 iis
685 4495 764 4553 enim
792 4494 984 4553 multifariam
1008 4494 1203 4570 imperatores
1225 4497 1444 4573 rescripserunt
1464 4496 1665 4572 videnturque
1759 4493 1763 4499 ’

332 4596 408 4655 adeo
435 4615 511 4673 qaae
537 4597 568 4655 in
596 4615 665 4654 aere
691 4605 853 4673 supersunt
878 4615 945 4655 cum
967 4597 1005 4655 iis
1028 4615 1104 4673 qaae
1126 4598 1163 4655 de
1184 4597 1329 4657 eiusmodi
1350 4598 1468 4660 iudiciis
1490 4599 1665 4676 accepimus
1755 4655 1761 4664 ,

331 4709 411 4758 recte
433 4698 584 4758 conciliari
605 4717 706 4774 posse.
752 4697 875 4759 Scilicet
895 4709 1000 4758 uotum
1022 4709 1078 4770 est,
1104 4719 1170 4759 eum
1193 4701 1305 4759 iudicia
1325 4701 1404 4760 inter
1424 4701 1528 4760 fiscum
1550 4707 1583 4760 et
1603 4702 1665 4777 pri·
1767 4732 1770 4753 s

332 4811 419 4860 vatos
441 4812 530 4862 autea
549 4803 588 4860 ad
610 4801 812 4880 cognitionem
825 4801 1044 4879 praefectorum
1060 4803 1168 4861 aerarii
1183 4803 1407 4879 pertinuissent,
1429 4804 1467 4864 ab
1481 4803 1667 4879 imperatore

333 4901 436 4962 Nerva
461 4913 629 4981 praetorem
656 4904 849 4964 constitutum
871 4921 953 4976 esse,
980 4885 1033 4980 qui
1055 4904 1102 4963 ius
1123 4904 1235 4964 diceret
1254 4905 1333 4964 inter
1353 4905 1457 4964 fiscum
1478 4915 1509 4965 et
1529 4906 1667 4982 privatos

335 5004 534 5081 (Pomponius
555 5006 626 5086 Dig.
646 5008 672 5080 l,
690 5006 718 5078 2,
734 5006 763 5079 2,
780 5006 828 5065 32.
850 5006 929 5065 Plin.
945 5026 1053 5085 paneg.
1070 5005 1134 5083 36),
1156 5007 1187 5065 id
1203 5016 1249 5067 est
1263 5008 1396 5067 ordinem
1410 5007 1589 5066 iudiciorum
1605 5008 1668 5086 pri·

335 5115 472 5167 vatorum
493 5109 533 5166 ad
553 5109 627 5169 haee
649 5127 767 5186 quoque
788 5109 899 5168 iudicia
919 5110 1098 5169 translatum
1120 5127 1186 5169 esse
1203 5128 1370 5187 causasque
1384 5109 1530 5170 iudicatas
1544 5119 1599 5170 aut
1613 5130 1669 5188 per

336 5228 425 5269 unum
454 5210 582 5270 iudicem
605 5219 656 5269 aut
678 5231 732 5289 per
753 5222 986 5289 recuperatores.
1030 5211 1161 5271 Iudicem
1182 5233 1274 5272 unum
1295 5231 1388 5290 supra
1407 5231 1437 5290 p.
1456 5213 1515 5272 104
1537 5213 1671 5273 vidimus
1769 5286 1770 5293 ¹
