3450 5820
70 519 190 570 ere-etr
533 515 729 567 prunorum
748 513 936 566 rurunron.
1326 493 1398 564 357

71 711 182 764 sorum,
208 689 238 749 id
261 698 308 749 est
329 689 419 752 nulla.
462 688 547 747 Idem
568 687 763 765 pervenitad
785 688 949 766 diplomata
970 687 1079 758 omnia,
1112 695 1144 745 ut
1165 687 1311 764 quidquid
1333 709 1400 767 pro-

69 794 147 852 ferat
173 813 228 870 pro
257 791 473 864 emendatione,
506 791 647 851 collatum
674 810 741 849 cum
775 792 946 868 archetypis
971 789 1081 849 falsum
1110 807 1177 849 esse
1203 791 1399 868 reppererim3

70 895 129 956 nisi
162 894 241 972 qnod
274 895 364 953 etiam
396 895 493 971 magis
525 911 648 970 pessum
681 893 763 952 dedit
792 893 1000 952 difficillimum
1028 893 1239 955 documentum
1265 913 1293 952 n.
1309 893 1400 953 XLII

70 1017 99 1075 p.
116 996 186 1056 884.
229 995 265 1056 Id
286 1015 342 1076 ego
364 1015 431 1055 cum
454 997 575 1071 saepius
597 996 803 1069 examinarim,
834 1006 867 1055 ut
888 1004 982 1054 totum
1005 994 1217 1073 intellegerem,
1245 997 1318 1055 mihi
1340 1017 1400 1058 non

70 1101 229 1172 successim
261 1099 319 1158 hoc
348 1099 492 1172 intellexi,
525 1117 602 1175 quae
634 1099 675 1156 ibi
707 1099 819 1177 legisse
852 1115 885 1158 se
918 1096 1040 1157 simulat
1062 1096 1271 1173 Desjardinios
1304 1099 1400 1176 <notra

71 1214 231 1280 estampapc
252 1202 383 1278 durinci),
412 1221 448 1260 ea
469 1202 499 1260 in
523 1202 590 1278 ipso
613 1218 681 1260 aere
703 1219 763 1259 non
786 1201 877 1260 cerui.
922 1198 981 1261 Sed
1003 1199 1039 1258 de
1061 1201 1117 1258 hoc
1138 1200 1300 1277 diplomate
1321 1202 1401 1262 inira

71 1307 168 1366 denuo
195 1305 302 1364 dicam.
894 1379 896 1383 Ι

110 1409 375 1486 Interpretationes
391 1406 639 1482 Dcsjardinianas
654 1406 831 1483 plerumque
852 1405 971 1466 silentio
993 1404 1156 1478 transmisi,
1178 1425 1242 1465 cum
1264 1407 1323 1467 sint
1337 1408 1399 1468 fere

71 1523 122 1572 aut
144 1511 283 1589 vulgares
306 1521 357 1569 aut
377 1509 482 1569 salsae.
528 1509 606 1571 Sane
628 1527 696 1568 cum
717 1509 846 1582 homine,
870 1510 921 1586 qui
942 1503 1165 1586 inscriptionem
1181 1509 1398 1570 Bovianenscm

70 1634 109 1674 ex
131 1632 256 1692 corpore
277 1613 501 1690 inscriptionum
516 1610 785 1689 Neapolitanorum
807 1631 836 1669 n.
856 1611 934 1670 4985
954 1621 1092 1689 repetens
1114 1612 1156 1688 (p.
1175 1612 1248 1688 126)
1271 1633 1399 1692 appara·

70 1727 133 1778 tum
159 1735 259 1776 meum
286 1715 377 1776 solito
404 1734 486 1775 more
514 1732 599 1774 suum
626 1715 741 1792 faciens
769 1718 812 1772 sic
840 1733 907 1773 eum
935 1715 1080 1791 corrupit:
1114 1715 1167 1774 elle
1194 1736 1213 1775 a
1234 1716 1277 1774 ete
1301 1735 1399 1776 encore

66 1821 179 1898 pudlie'c
200 1838 273 1896 per:
310 1819 377 1878 Cori.
404 1817 604 1894 Waelscapplc
622 1820 651 1894 s.
676 1817 730 1887 74;
758 1826 783 1874 et
813 1815 936 1876 Galanti
955 1818 981 1888 1,
1002 1816 1050 1888 29,
1079 1828 1108 1876 et
1134 1836 1172 1877 ne
1201 1818 1257 1878 hoc
1278 1819 1398 1895 quidem

69 1922 217 2001 intellegit
237 1922 334 1980 tribus
355 1919 463 1979 litteris
485 1938 544 1978 non
565 1937 747 1996 praenomen
774 1920 904 1979 hominis
926 1901 1062 1990 indicari,
1089 1919 1141 1979 sed
1167 1921 1299 1980 codicem
1321 1921 1398 1998 peri·

70 2028 108 2085 tis
136 2025 225 2084 bodie
251 2035 416 2099 pernotum,
438 2023 469 2080 in
490 2023 580 2080 rebus
603 2021 804 2099 epigraphicis
827 2041 886 2080 non
909 2031 970 2079 tam
993 2039 1095 2080 severe
1118 2024 1270 2104 agendum
1287 2036 1341 2098 est,
1366 2035 1398 2082 ut

69 2128 141 2204 quid
164 2135 319 2203 praeterea
340 2125 436 2186 adhuc
451 2144 510 2183 nou
532 2123 678 2195 didicerit,
701 2123 905 2200 expendamus
927 2132 957 2182 et
977 2143 1175 2200 exponamus.
1219 2126 1347 2185 Meliora
1368 2136 1398 2185 et

69 2230 212 2302 doctiora,
234 2247 309 2306 quae
332 2247 350 2286 a
371 2228 500 2287 Reniero
523 2227 658 2302 arripuit,
681 2230 743 2286 suis
764 2226 840 2284 locis
862 2227 1070 2286 indicavimus.

464 2411 721 2472 novuruovu
744 2412 787 2492 (p.
802 2412 872 2472 420.
899 2414 1001 2490 1041).

69 2572 139 2634 5²5
160 2574 198 2632 ad
221 2570 357 2632 notet.
400 2571 578 2646 Desjardins
602 2569 650 2630 29.
694 2569 796 2629 Titulo
823 2571 921 2629 denuo
949 2571 1119 2660 examinato
1148 2572 1398 2634 mihi'constabat

110 2694 177 2735 esse
192 2677 223 2735 in
237 2675 296 2734 fine
311 2689 445 2732 aventer
458 2704 464 2719 ·
478 2689 546 2749 nno
563 2675 576 2751 ΙΙ
594 2688 670 2752 osse
692 2673 846 2732 elementis
863 2674 980 2732 duobus
1004 2690 1026 2733 o
1042 2682 1101 2732 ets
1117 2677 1290 2750 expunctis3
1313 2675 1395 2736 dedit

110 2779 199 2858 igitur
221 2777 431 2854 quadratarius
454 2793 469 2834 Ρ
486 2794 546 2858 unu
565 2775 569 2858 l
587 2792 609 2835 0
626 2792 667 2836 se.
712 2775 750 2835 V.
766 2787 843 2835 extr.
859 2785 928 2836 ante
944 2792 967 2835 0
982 2786 1012 2836 et
1027 2786 1098 2853 post
1112 2794 1127 2834 e
1143 2797 1275 2837 marmor
1290 2788 1385 2840 vacat.

68 2919 220 2928 -—--‘

69 2987 140 3050 576
162 2990 199 3048 ad
222 3009 251 3048 n.
268 2988 359 3049 3255.
402 2987 582 3064 Desjardins
598 3008 626 3046 n.
644 2988 678 3048 91
699 2987 746 3046 hic
761 2989 981 3063 deprehendere
1003 2989 1060 3048 sibi
1075 2989 1160 3048 visus
1183 2998 1227 3050 est
1249 2992 1395 3052 coloniam

110 3092 211 3152 nescio
238 3111 327 3168 quam
353 3087 487 3150 ‘Petram
518 3089 557 3148 ad
589 3085 764 3166 planitiem’,
796 3099 963 3149 monstrum
994 3091 1043 3149 vol
1070 3111 1089 3150 a
1116 3093 1264 3152 sermonis
1294 3093 1395 3154 Latini

110 3194 325 3255 consuetudine
347 3194 521 3252 abhorrens.
565 3192 695 3252 Omnino
711 3211 812 3250 verum
828 3199 874 3252 est
889 3193 970 3270 quod
985 3194 1052 3252 dedi
1067 3213 1123 3272 ego
1144 3195 1316 3272 cursa(ve1
1336 3196 1396 3256 lor·

109 3313 252 3391 tessere)
275 3331 359 3374 osvo.
403 3315 476 3390 Ipsa
504 3315 669 3391 scripturae
699 3314 839 3385 artificia,
867 3323 900 3371 ut
926 3312 1090 3372 efficiantur
1118 3314 1235 3390 litterae
1255 3278 1394 3373 imagi>

109 3399 237 3496 rm'nivo
258 3435 434 3514 praesertim
455 3435 486 3496 in
509 3434 610 3512 lapide
629 3435 667 3492 ab
687 3434 834 3493 eiusmodi
858 3435 1131 3510 contignationibus
1153 3435 1283 3495 insolitis
1305 3436 1394 3512 plane

110 3540 207 3598 alieno
229 3537 391 3597 ostendunt
412 3539 485 3598 haec
507 3537 625 3596 somnia
647 3553 713 3595 esse
735 3536 864 3595 hominis
888 3538 919 3595 in
941 3537 1072 3596 tenebris
1095 3538 1297 3598 caecutientis.

381 3937 384 3944 Ι
416 3807 911 3923 rnvuonvns1vn(p.4ts.
938 3846 1042 3922 1041).

68 4003 139 4066 577
162 4004 200 4066 ad
221 4027 250 4066 n.
268 4006 357 4066 6450.
401 4005 458 4067 ΙΙίὅ
480 4006 640 4083 descripsit
661 4005 717 4065 sic:

684 4162 704 4201 D
722 4159 778 4202 ΕΟ

644 4257 817 4306 SANCTo

643 4365 815 4409 noscunt

643 4467 817 4511 wehtae·

587 4575 599 4613 5
641 4571 724 4613 ANVS
742 4585 748 4598 ·
766 4571 815 4612 RR-

642 4671 814 4715 cortinis

643 4776 711 4817 rau
741 4775 829 4831 sog

643 4869 815 4920 rarecort

536 4950 537 4953 '
644 4981 665 5021 n
688 4981 716 5022 rr
743 4980 816 5022 osc

574 5087 600 5126 ro
642 5082 831 5138 armsQQ,

643 5184 815 5228 v·S·l.·M
