3540 5828
154 543 203 592 orn
604 543 659 594 88
677 542 835 595 u1uvuos
853 543 1048 595 81881888.
1115 499 1118 504 “
1408 521 1482 592 947

154 722 305 790 quattuor,
325 713 367 771 118
386 723 419 772 81
433 714 530 791 prima
545 716 696 792 gentilicia
710 717 860 775 contineat
873 716 1008 776 breviata
1022 716 1197 793 plerumque
1212 716 1354 792 (excepto
1370 715 1486 786 ultimo,

99 825 103 834 ‘
154 816 270 875 scilicet
291 816 422 874 bominis
443 818 492 895 qui
515 837 607 876 unum
630 826 745 878 lantum
766 836 874 878 nomen
896 818 1016 896 gessit),
1038 828 1071 879 ut
1098 819 1172 890 dixi,
1194 818 1288 877 alteru
1308 816 1486 896 cognomine

154 920 320 994 perscripta
333 919 407 995 (uno
423 929 548 997 excepto
557 921 751 996 paenultimo,
766 921 846 997 quod
861 941 929 981 cunr
944 939 1052 980 nomen
1063 921 1192 981 hominis
1208 921 1272 979 eius
1288 918 1484 998 perscriptum

155 1020 195 1079 sit
216 1021 323 1094 solum,
345 1022 376 1080 in
398 1023 516 1081 tertiam
538 1023 709 1082 columnam
732 1025 850 1100 cessit),
879 1025 969 1084 188118
990 1023 1181 1084 condiciones
1204 1024 1351 1095 virorum,
1378 1027 1486 1098 quarte

154 1122 304 1182 mulieres.
983 1177 987 1186 .

237 1225 417 1286 Nominibus
440 1229 600 1306 gentiliciis
622 1239 725 1289 carent
744 1229 854 1290 Eleous
868 1230 959 1305 fullo,
982 1229 1120 1306 Pelagius
1136 1231 1291 1300 obscurius,
1313 1229 1486 1286 Aururirtur

91 1313 95 1322 ’
155 1327 261 1386 seruus.
305 1329 500 1406 Reliquorum
528 1339 588 1391 tam
622 1335 745 1392 nominc
773 1352 862 1409 quam
892 1333 1071 1424 cognomine
1092 1331 1204 1391 Latina
1229 1331 1278 1390 vel
1302 1329 1487 1391 Graecanica

154 1431 296 1507 vulgaria
322 1441 393 1491 sunt
414 1434 549 1511 exceptis
572 1437 801 1513 cognominibus
823 1436 887 1495 his:

687 1539 833 1598 Missillus
855 1557 884 1596 v.
901 1536 938 1596 91

688 1641 822 1701 Moricus
844 1660 872 1700 v.
891 1641 928 1698 19

694 1743 843 1803 Vuluddus
866 1762 894 1801 v.
908 1742 948 1801 90

156 1859 232 1920 Cum
253 1863 385 1922 Missillo
412 1862 603 1923 conferentur
625 1864 777 1924 Medsilluc
804 1863 833 1922 V
856 1863 951 1936 5597,
979 1863 1166 1923 Meritum
1195 1862 1274 1924 1879
1300 1861 1377 1922 1901
1403 1861 1484 1921 3105

157 1963 429 2036 secederemus
451 1965 511 2024 Vll
536 1965 625 2040 1336,
653 1985 701 2025 ceo.
745 1966 881 2025 Morinus
910 1973 1010 2043 potest
1036 1965 1147 2026 rustice
1172 1967 1315 2043 scriptum
1340 1982 1408 2024 8888
1429 1982 1485 2041 888

156 2066 309 2138 Meurino;
347 2069 399 2127 sed
426 2069 488 2127 8811
516 2070 606 2128 etium
633 2069 744 2128 Morini
779 2069 810 2127 in
847 2067 965 2128 Galliae
991 2067 1123 2146 Belgica
1186 2067 1336 2128 Vuloddus
1365 2067 1487 2126 omuino

155 2170 364 2246 peregrinum
386 2171 490 2230 confer
510 2170 655 2230 Attocdur
677 2171 771 2230 1176
794 2171 886 2232 4980.
1323 2153 1324 2161 ¹

239 2271 382 2333 Mulieres
409 2290 465 2332 sex
492 2273 724 2350 (autquinque)
758 2291 870 2332 uxores
904 2273 1041 2333 videntur
1067 2274 1162 2333 fuisse
1189 2291 1292 2332 eorum
1320 2272 1486 2344 hominum,

156 2390 282 2449 quorum
304 2375 425 2434 nomina
451 2375 554 2434 eodem
578 2393 667 2435 versu
690 2377 802 2455 scripta
825 2384 905 2447 suut,
934 2375 1059 2453 Callope
1080 2375 1185 2434 Puruti
1212 2383 1243 2434 81
1269 2375 1314 2434 818
1335 2374 1485 2452 deinceps.

155 2475 246 2535 Botia
266 2497 295 2535 v.
320 2479 358 2537 14
384 2497 455 2538 nuru
476 2478 619 2538 Maritimi
646 2481 710 2538 sive
732 2498 809 2538 uxor
829 2478 920 2538 fuerit
944 2479 1008 2538 sive
1030 2478 1196 2538 concubina
1223 2476 1353 2537 dubitari
1374 2485 1486 2555 potest;

155 2578 283 2639 fortasse
305 2578 428 2639 Valeria
461 2580 598 2654 Donata,
633 2581 718 2641 cuius
750 2599 858 2641 nomen
891 2581 1045 2659 praecedit
1076 2581 1215 2658 proximo
1243 2598 1342 2651 versu,
1378 2578 1486 2637 Botiue

156 2701 265 2740 nomeu
287 2683 477 2760 peregrinum
498 2702 553 2761 pro
575 2684 669 2743 altero
684 2685 862 2764 cognomine
884 2685 1012 2744 retinuit.
1054 2684 1181 2742 Boetius
1195 2683 1315 2752 Bouliu,
1338 2701 1357 2740 8
1377 2680 1488 2758 quibus

156 2783 247 2842 Botiu
267 2802 327 2844 non
348 2786 467 2845 videtur
488 2786 640 2858 diversum
662 2805 743 2860 csse,
769 2788 801 2846 in
823 2786 982 2847 Lusitanis
1007 2786 1195 2864 potissimum
1216 2785 1385 2862 frequentia
1407 2790 1487 2843 suut.
1558 2789 1562 2804 ’

157 2885 300 2946 Eiusdem
322 2889 439 2964 generis
467 2899 537 2948 sunt
562 2889 662 2950 Britlu
687 2910 715 2949 v.
741 2892 778 2950 15
801 2888 851 2964 (cf.
873 2889 907 2948 11
931 2889 1024 2964 1335)
1053 2895 1083 2948 81
1103 2887 1225 2958 Α8888;
1252 2905 1380 2963 quocum
1408 2905 1489 2946 conr-

155 2991 326 3064 paraverim
346 2990 446 3051 *Auro
468 2991 502 3050 ΙΙ
526 2990 604 3050 1775
628 3000 659 3050 81
679 2994 847 3052 Auruncum
868 2993 967 3070 gentis
993 2999 1027 3050 ut
1048 2989 1166 3050 videtur
1187 3009 1297 3050 nornen
1318 2989 1351 3048 11
1374 2985 1466 3048 9897.

240 3144 439 3208 Condiciones
461 3148 611 3226 sodalium
633 3150 801 3210 indicantur
821 3149 905 3212 beer.

515 3251 667 3311 Amuiur'us
689 3272 717 3310 v.
735 3251 774 3310 99

515 3355 661 3414 cluverius
683 3376 711 3414 v.
726 3355 766 3415 96

506 3455 587 3529 sulio
610 3476 637 3515 v.
655 3456 703 3516 90.
722 3456 760 3516 93

510 3563 693 3633 pecteuurius
714 3578 742 3618 v.
760 3559 796 3618 17

513 3669 594 3719 sutor
615 3680 643 3720 v.
660 3660 697 3720 91

513 3762 630 3823 libertus
650 3764 795 3842 pecoliis)
817 3783 844 3822 v.
864 3765 900 3823 13

596 3865 743 3944 1ὶό(88188)
757 3865 946 3944 888(11118)ν.
962 3866 1008 3924 14.
1028 3865 1075 3924 15.
1094 3865 1132 3924 16

512 3967 641 4046 ser(uus)
662 3969 806 4047 88861118)
828 3988 858 4028 v.
874 3966 914 4027 94

240 4193 366 4252 Ρ888188
388 4193 569 4266 Amuinium,
599 4212 687 4271 quum
713 4201 787 4271 puto
808 4192 985 4271 gentilitatis
1007 4190 1216 4251 iudicationem
1246 4205 1313 4247 esse
1336 4188 1399 4249 sire
1421 4207 1490 4268 cog·

157 4313 266 4354 nornen
293 4296 418 4355 alterurn
447 4295 495 4370 (ut
519 4297 609 4355 Botis
634 4316 663 4354 v.
692 4295 755 4372 14),
783 4304 863 4356 artes
896 4295 1022 4356 clavarii
1048 4294 1100 4370 (cf.
1133 4293 1278 4352 cluverius
1305 4294 1490 4350 materiarius

157 4398 236 4456 tituli
257 4396 467 4457 Narbonensis
490 4396 584 4457 Orell.
606 4397 702 4470 4164;
730 4398 833 4476 glossa
858 4388 993 4468 ilruc'rrur
1019 4397 1181 4468 cluvurius3
1207 4393 1371 4453 clavarium
1400 4394 1490 4451 dona-

157 4501 251 4560 tivum
279 4501 389 4560 milites
411 4509 516 4578 petunt
537 4499 618 4576 apud
639 4499 779 4559 Tacitum
801 4501 870 4559 hist.
887 4502 916 4572 3,
930 4499 994 4574 50),
1020 4499 1183 4570 fullonum,
1209 4495 1373 4573 pectensrii
1396 4493 1492 4573 (quod

159 4604 238 4663 solet
255 4607 435 4680 pectinarius
451 4602 541 4662 scribi
556 4603 586 4661 in
608 4601 713 4674 titulis,
735 4620 811 4678 quos
826 4602 939 4662 indicat
954 4602 1148 4662 Furlsnettus
1164 4598 1244 4676 apud
1257 4597 1489 4668 Forccllinium3

157 4726 227 4765 8888
242 4706 322 4783 apud
337 4707 501 4782 scriptores
521 4704 580 4782 legi
596 4723 657 4764 nou
679 4703 822 4780 videtur),
844 4705 954 4765 sutoris
977 4713 1065 4764 88188
1085 4702 1263 4762 indicantur.
1298 4700 1441 4760 Libertus
1463 4707 1492 4758 81

160 4826 278 4868 servum
300 4829 353 4885 888
368 4851 375 4868 .
393 4853 424 4867 ..
446 4807 574 4886 gentiles
595 4815 668 4884 puto
689 4806 782 4866 181888
803 4805 868 4882 (vix
890 4807 968 4866 enim
991 4807 1052 4866 8118
1073 4807 1163 4865 trium
1184 4795 1311 4864 illarum¹
1324 4803 1492 4862 litterarum

160 4911 323 4988 explicatio
339 4912 508 4971 invenietur
521 4908 710 4987 probabilis),
727 4909 841 4968 scilicet
852 4909 947 4986 gentis
958 4908 1173 4988 gentilitatisve
1187 4907 1322 4978 alicuius,
1342 4905 1446 4983 quales
1460 4904 1493 4963 in

161 5005 333 5091 regionibus
345 5015 407 5074 11118
415 5011 717 5088 scimussupersuisse
725 5031 764 5072 ex
771 5021 889 5071 vetusta
903 5011 1049 5070 barbarie.
1073 5007 1200 5070 Servum
1206 5007 1358 5086 gentilicio
1372 5008 1492 5065 nomine

161 5135 261 5176 cerere
284 5136 339 5193 par
360 5125 419 5189 est;
447 5116 571 5176 libertos
603 5122 745 5191 quattuor
770 5113 924 5173 Publicius
953 5113 1050 5172 dictos
1077 5130 1144 5172 esse
1165 5121 1237 5188 puto
1266 5109 1341 5186 (nun
1362 5109 1489 5168 Publios

162 5218 209 5276 rel
231 5218 396 5296 Publilius)
419 5238 458 5278 ex
480 5237 562 5301 ruore
584 5225 670 5276 sueto
686 5216 728 5292 (v.
752 5233 843 5294 supro
863 5237 893 5294 p.
910 5213 975 5291 89),
998 5214 1111 5274 88111881
1133 5233 1152 5272 8
1172 5213 1293 5291 publico
1314 5210 1492 5290 gentilitatis
