3466 5820
275 489 348 562 260
567 509 873 563 oesnavarronns
899 509 1178 562 amcnarnrcan
1205 509 1298 562 xvn.

272 691 343 743 natu
365 683 507 743 maiorem
527 683 702 744 Polemonis
724 693 754 744 et
775 684 1010 762 Pythodoridis,
1031 683 1243 762 Tryphaenam
1266 693 1366 742 autem
1388 683 1453 741 eius
1476 700 1603 757 uxorem

273 793 428 861 praeterea
448 785 581 865 ignotam
604 787 702 846 adhuc
723 787 858 865 plerique
881 793 1061 857 statuerunt;
1089 806 1185 864 neque
1211 787 1299 844 aliter
1318 785 1411 845 statui
1437 785 1547 861 potnit,
1576 786 1605 844 si

273 887 396 963 quidem
415 887 477 947 Dio
499 888 566 947 loco
588 889 679 948 citato
702 909 761 948 non
783 890 914 948 erravit.¹
946 891 989 949 At
1014 889 1185 967 opinionem
1207 889 1296 968 v1dg0
1322 897 1472 966 receptam
1497 887 1606 946 evertit

273 990 479 1066 Waddington
502 1010 537 1050 eo
560 991 641 1067 quod
662 992 834 1051 observavit
855 991 1049 1051 Polemonem
1071 1011 1148 1065 eum,
1171 991 1223 1068 qui
1245 1009 1273 1048 a.
1290 990 1328 1050 38
1350 1009 1405 1049 rex
1426 990 1523 1049 lactus
1546 997 1604 1062 est,

272 1092 304 1150 in
324 1092 455 1151 nummis
478 1093 547 1151 anni
570 1094 648 1152 tertii
665 1093 779 1152 vultum
802 1113 874 1172 prae
893 1113 926 1154 ee
940 1096 1018 1154 ferre
1040 1094 1124 1170 pueri
1142 1111 1288 1164 annorum
1302 1093 1365 1152 lere
1380 1092 1549 1169 quindecim
1562 1091 1604 1168 ¹),

272 1213 339 1253 cum
368 1194 582 1270 Pythodoridis
616 1195 693 1255 lilius
730 1204 801 1255 natu
834 1198 929 1255 maior
958 1216 993 1256 eo
1020 1207 1153 1275 tempore
1180 1214 1275 1256 annos
1311 1212 1370 1254 non
1397 1195 1530 1271 potuerit
1551 1195 1604 1252 ha·

272 1296 341 1356 bere
364 1298 461 1356 minus
483 1299 709 1377 quinquaginta.
752 1288 919 1377 Propterea
939 1297 1037 1377 cgo²)
1059 1299 1260 1358 coniecturam
1283 1299 1428 1375 proposui
1449 1295 1603 1374 Pythodo-

271 1398 329 1457 ridi
352 1400 536 1459 successisse
557 1420 617 1460 nnn
639 1401 749 1474 filium,
781 1403 833 1460 sed
856 1409 1008 1480 nepotem,
1034 1402 1165 1461 Dionem
1193 1408 1292 1458 antem
1317 1418 1419 1460 errore
1445 1409 1603 1476 paternum

272 1519 395 1578 regnum
419 1502 543 1576 dixisse,
566 1503 646 1579 quod
668 1514 750 1562 esset
771 1504 896 1575 avitum3
918 1505 1008 1581 idque
1029 1504 1055 1564 sl
1078 1523 1138 1562 non
1154 1521 1265 1575 verum,
1288 1510 1367 1561 certe
1382 1521 1401 1560 a
1416 1520 1485 1560 vero
1508 1521 1604 1578 prope

273 1605 382 1663 abesse
403 1605 464 1663 iam
485 1615 620 1683 apparet.
659 1605 731 1664 Fuit
752 1607 830 1665 enim
852 1606 979 1666 Polemo
1001 1607 1077 1666 alter
1099 1625 1167 1665 vere
1191 1603 1404 1682 Pythodoridis
1427 1623 1535 1680 nepos,
1563 1624 1604 1664 ex

271 1705 335 1764 filia
356 1714 469 1778 tamen,
491 1725 550 1766 nnn
573 1725 611 1766 ex
633 1707 712 1781 filio,
733 1708 814 1768 filius
837 1719 935 1768 autem
959 1708 1076 1786 Cotyis.
1119 1707 1199 1768 Nam
1221 1717 1380 1786 postquam
1403 1707 1604 1784 comperimus

271 1808 445 1868 Polemonis
472 1809 559 1868 matri
587 1827 695 1870 nomen
723 1811 817 1870 fuisse
843 1811 995 1872 Antoniae
1018 1812 1232 1889 Tryphaenae,
1265 1811 1460 1889 imperatores
1491 1817 1602 1882 antem,

271 1909 323 1986 qui
345 1912 382 1970 ah
405 1911 537 1970 Antonio
559 1911 672 1972 Illviro
700 1913 846 1990 originem
874 1916 1036 1988 traherent,
1064 1915 1129 1973 eius
1155 1913 1289 1972 mulieris
1317 1913 1502 1990 propinquae
1529 1931 1603 1972 suae

270 2013 342 2072 liliis
369 2031 558 2090 summopere
594 2014 716 2088 lavisse,
753 2015 965 2095 Tryphaenam
1001 2018 1033 2076 in
1064 2017 1197 2075 nummis
1232 2013 1408 2090 Polemonis
1430 2021 1603 2090 repraesen-

270 2125 363 2174 tatam
388 2116 448 2175 iam
475 2133 562 2176 nemo
587 2119 710 2196 negabit
734 2137 794 2178 non
828 2139 955 2180 uxorem
976 2119 1040 2179 elus
1063 2137 1132 2178 esse
1158 2117 1246 2194 (cum
1268 2117 1445 2194 praesertim
1474 2117 1595 2178 aliunde

209 2205 211 2208 ⁵
269 2227 453 2296 compertum
469 2219 510 2277 sit
532 2236 654 2279 uxorem
669 2220 865 2282 Polemonem
884 2223 1012 2292 duxisse
1026 2221 1191 2281 Berenicen
1210 2221 1290 2298 regis
1305 2220 1437 2280 Herodis
1457 2219 1602 2297 filiam³)‚

270 2321 324 2380 sed
350 2330 490 2394 matrem,
517 2321 588 2380 item
611 2323 659 2381 vel
687 2333 810 2401 propter
837 2325 933 2385 solum
955 2324 1157 2402 Tryphaenae
1178 2342 1287 2383 nomen
1309 2321 1438 2382 nummis
1467 2323 1532 2382 suis
1554 2323 1600 2381 in-

270 2423 414 2500 scriptum
436 2424 629 2483 Polemonem
651 2424 778 2486 alterum
801 2427 922 2486 omnino
944 2427 983 2485 ad
1005 2428 1128 2504 stirpem
1145 2423 1251 2502 Cotyis
1272 2425 1459 2485 referendum
1481 2425 1600 2502 essel).

268 2525 316 2585 Ita
336 2527 393 2586 hoo
415 2544 533 2603 quoque
555 2527 739 2604 intellegitur
754 2528 907 2589 Tiberium
928 2528 960 2590 in
977 2529 1068 2588 Ponti
1089 2547 1181 2607 regno
1202 2527 1233 2588 id
1256 2528 1356 2607 ipsum
1378 2528 1495 2600 secisse,
1518 2528 1600 2606 quod

268 2628 339 2687 fecit
359 2629 390 2687 in
413 2629 559 2700 Thracia,
587 2629 702 2689 scilicet
721 2631 928 2707 Pythodoride
953 2641 1005 2691 aut
1029 2641 1147 2692 mortua
1173 2641 1225 2691 aut
1246 2651 1264 2690 a
1283 2648 1377 2710 regno
1402 2639 1518 2689 remota
1540 2651 1601 2691 non

267 2730 371 2790 liberis
394 2731 459 2790 eius
481 2731 512 2789 id
533 2733 664 2806 tradidit,
687 2733 740 2792 sed
763 2734 818 2793 eibi
840 2735 971 2794 retinuit
996 2732 1092 2794 Gaius
1115 2744 1215 2792 autem
1237 2752 1304 2792 cum
1325 2733 1473 2811 imperare
1491 2734 1600 2811 coepit,

268 2832 423 2894 deficiente
451 2832 590 2892 videlicet
619 2836 712 2912 stirpe
739 2835 913 2895 Polemonis
940 2837 1020 2895 virili
1051 2836 1219 2914 cognomini
1246 2835 1346 2911 nepoti
1378 2834 1443 2894 eius
1470 2855 1509 2895 ex
1536 2836 1600 2894 filia

266 2935 448 2994 consobrina
492 2937 555 3014 regi
593 2935 742 2996 Thraciae
781 2946 875 3015 nupta
913 2933 1037 3018 regnum
1076 2937 1250 2997 Polemonis
1290 2923 1434 3012 tradidit,
1473 2937 1504 2994 id
1553 2948 1602 2997 est

266 3036 397 3096 Pontum
423 3047 453 3096 et
479 3039 664 3115 Bosporum3
696 3059 823 3116 quorum
848 3040 1033 3120 Bosporum,
1067 3059 1134 3100 oum
1162 3039 1308 3100 Claudius
1339 3057 1466 3117 regnare
1499 3041 1600 3119 coepit

267 3157 294 3198 a.
317 3157 347 3215 p.
363 3137 435 3200 Chr.
451 3140 501 3213 41,
523 3141 650 3201 Polemo
670 3160 738 3201 cum
765 3141 889 3202 Ciliciae
910 3152 995 3221 perte
1017 3153 1185 3221 permutare
1205 3150 1326 3202 coactus
1348 3142 1444 3218 est5),
1465 3123 1599 3204 Pontum

266 3241 390 3301 retinnit
415 3241 453 3300 ad
475 3263 502 3302 a
524 3263 553 3320 p.
570 3241 641 3303 Chr.
657 3245 706 3318 63,
729 3263 789 3321 quo
811 3244 896 3307 Nero
918 3265 985 3304 eum
1007 3246 1038 3304 in
1060 3244 1232 3325 provinciae
1252 3245 1379 3304 formam
1399 3244 1566 3322 redegit5).

350 3475 409 3545 ll.
451 3469 700 3572 GotyS¹Cotyis
728 3503 757 3554 et
783 3497 934 3556 Antoniae
960 3495 1159 3573 Tryphaenae
1187 3495 1269 3555 filius
1301 3496 1408 3555 tertius
1437 3513 1498 3573 quo
1524 3505 1598 3555 tcm-

265 3613 339 3671 pore
371 3595 479 3654 fratres
501 3597 647 3656 maiorum
680 3615 772 3675 regna
800 3599 898 3678 adepti
925 3605 1010 3670 sunt,
1048 3607 1078 3656 et
1102 3599 1169 3675 ipse
1193 3610 1270 3657 teste
1297 3599 1416 3659 decreto
1446 3596 1597 3676 Cyzicena

264 3715 390 3775 regnum
412 3699 550 3771 obtinuit,
572 3701 651 3776 quod
667 3702 721 3760 suh
737 3701 900 3760 maioribus
922 3701 984 3760 suis
1006 3699 1079 3759 olim
1101 3699 1209 3759 suisset
1229 3699 1271 3777 (p.
1286 3699 1345 3761 259
1366 3701 1434 3762 adn.
1450 3701 1494 3776 4).
1532 3700 1595 3760 Ad-

266 3938 470 3950 ‘nna—nunt*—

342 4149 366 4214 1)
390 4151 569 4218 Waddington
589 4153 606 4202 l.
621 4168 642 4202 c.
662 4168 688 4218 p.
703 4153 765 4204 117.

341 4266 366 4332 2)
388 4269 498 4334 Ephem.
518 4271 535 4320 l.
550 4287 571 4320 c.
593 4286 619 4336 p.
633 4271 695 4322 271.
734 4269 775 4322 Cf.
789 4271 968 4337 Waddington
987 4273 1004 4322 l.
1020 4287 1041 4322 c.
1061 4288 1088 4338 p.
1103 4274 1165 4325 100.

342 4385 367 4450 ¹)
393 4386 497 4454 Ioseph.
512 4390 555 4451 20,
571 4389 596 4451 8,
611 4389 636 4440 3.

343 4505 369 4568 ⁴)
394 4506 498 4558 Curtius
517 4510 545 4559 in
563 4509 627 4559 actia
645 4508 782 4558 menstruis
802 4508 885 4558 citatis
904 4525 929 4574 p.
944 4510 979 4559 20
998 4515 1067 4560 recte
1086 4509 1151 4559 vidit
1165 4507 1347 4574 Tryphaenam
1366 4509 1393 4558 in
1413 4510 1525 4560 nummis
1543 4509 1595 4562 Po·

264 4599 374 4650 lemonis
392 4608 560 4651 memoratam
580 4601 690 4652 eandam
708 4616 763 4652 esse
782 4607 858 4667 atque
877 4615 942 4667 quae
961 4602 1108 4652 nominatur
1127 4603 1154 4651 in
1172 4601 1246 4651 titulo
1260 4601 1403 4666 Cyziceno;
1422 4601 1508 4652 minus
1527 4611 1595 4652 recte

263 4691 433 4742 Polemonem
450 4693 549 4744 indicat
563 4695 648 4744 sorori
665 4693 734 4744 hunc
751 4694 875 4744 honorem
894 4693 1023 4744 hahuisse.
1058 4693 1128 4745 Nam
1147 4701 1175 4744 ut
1187 4694 1288 4744 mittam
1307 4695 1371 4744 talia
1392 4694 1470 4744 uxori
1487 4695 1594 4745 maniae

264 4785 348 4849 magis
362 4786 499 4837 convenire
518 4801 595 4852 quam
608 4787 700 4848 sorori,
720 4787 820 4836 accedit
838 4787 907 4853 quod
920 4785 1028 4837 Polemo
1046 4787 1068 4836 is
1088 4787 1160 4837 cuius
1179 4793 1268 4836 extant
1285 4786 1384 4836 nummi
1402 4793 1509 4852 propter
1527 4793 1594 4838 aeta·

263 4883 315 4925 tem
329 4893 382 4928 non
394 4885 478 4942 potest
489 4878 568 4929 fuisse
582 4879 648 4929 filins
662 4878 811 4929 Polemonis
824 4878 1011 4943 Pythodoridis
1030 4879 1124 4930 mariti
1142 4878 1257 4930 Proinde
1272 4877 1429 4944 Tryphaena
1447 4894 1501 4931 non
1519 4895 1593 4932 soror

265 4967 320 5020 eins
339 4971 395 5032 fuit,
416 4970 462 5021 aed
481 4979 526 5021 aut
544 4971 623 5022 amita
641 4977 686 5021 aut
703 4976 793 5020 mater.

341 5085 365 5150 ⁸)
389 5087 443 5139 Dio
463 5090 507 5151 00,
528 5091 553 5140 8.
590 5089 694 5154 Ioseph.
715 5090 760 5150 20,
780 5090 805 5150 8,
827 5089 852 5138 3.

340 5202 365 5272 ⁶)
389 5207 460 5260 Suet.
479 5207 542 5259 Ner.
558 5209 600 5260 lt.
636 5169 789 5274 ldarqnardt
808 5203 1054 5278 Staauocrrnottaaq
1074 5209 1100 5272 1,
1121 5209 1183 5260 202.
