3510 5820
533 545 692 606 Qvnasu.
713 543 928 598 ouounuon.
948 543 974 594 1.
1230 499 1232 506 .
1373 525 1421 595 49

337 717 368 778 T.
396 717 547 778 lbtiaaum
568 718 688 778 Hermes
716 719 746 776 in
773 717 875 776 tabula
901 717 1025 794 vigilum
1054 737 1081 777 a.
1102 717 1161 776 203
1189 717 1424 778 Kellermannus

419 817 483 899 vig.
498 817 547 895 12,
562 820 601 882 27
617 822 704 899 legit3
726 819 888 880 Hennenus
904 829 934 879 et
949 819 1138 880 Bormannus
1161 818 1195 880 Ο.
1211 820 1237 879 Ι.
1252 820 1288 878 L.
1304 820 1347 880 VI
1364 817 1424 878 220

423 921 589 987 Traicaniut
611 924 728 984 hubent.

340 1025 372 1083 0.
392 1025 548 1086 llrticaaus
564 1026 739 1086 saturninae
754 1027 784 1085 in
807 1026 837 1084 in
852 1025 1014 1104 diplomate
1029 1025 1151 1084 militari
1174 1045 1200 1084 a.
1216 1024 1274 1084 108
1298 1022 1333 1084 O.
1348 1025 1373 1083 Ι.
1389 1023 1425 1084 L.

418 1128 478 1203 111,
500 1145 580 1188 xxuv
601 1130 679 1189 inter
700 1136 807 1202 testem
830 1131 987 1206 genetivus
1011 1129 1140 1188 luticiani
1161 1128 1251 1188 etism
1274 1127 1443 1188 Tuticanii'

420 1250 487 1290 esso
514 1239 630 1309 potest,
657 1241 691 1290 ut
715 1231 845 1309 genetivi
872 1233 1025 1290 nominum
1054 1232 1084 1288 in
1112 1235 1156 1290 ius
1184 1249 1303 1308 semper
1330 1231 1428 1290 solai

421 1334 592 1394 scribuntur
613 1335 644 1394 in
665 1325 840 1412 diplomatis
861 1333 933 1393 illis.

337 1437 550 1497 Forcellinium
567 1445 689 1497 secutus
706 1435 916 1498 Schbmaunus
933 1437 992 1494 iam
1014 1456 1040 1494 a
1060 1433 1140 1496 1840
1162 1436 1193 1495 in
1207 1445 1426 1514 programmate

224 1595 226 1612 ,
338 1543 374 1600 rle
396 1540 529 1600 meddice
544 1541 637 1600 tutioo
662 1539 780 1618 (opusc.
798 1540 815 1598 3
838 1559 867 1617 p.
884 1536 960 1614 425)
982 1535 1122 1596 Tuticani
1137 1557 1245 1598 nomen
1261 1539 1429 1615 composuit

339 1663 405 1702 cum
425 1642 622 1721 Hirpinorum
644 1643 765 1720 oppido,
787 1641 867 1718 quod
889 1641 947 1700 fuit
967 1623 1073 1718 Equus
1088 1639 1213 1701 Tuticus
1236 1641 1279 1717 (v.
1303 1643 1429 1700 Momm-

339 1745 404 1806 seni
426 1745 497 1805 dial.
521 1745 558 1813 It.
581 1745 633 1804 iul.
656 1764 685 1822 p.
703 1743 792 1821 304),
822 1743 907 1804 cuius
934 1762 1042 1802 nomen
1069 1743 1107 1802 ab
1130 1741 1211 1804 Osco
1239 1751 1317 1803 touta
1339 1732 1429 1801 norvia
1539 1745 1540 1748 ’

339 1849 545 1908 derivandum.
770 1915 772 1920 ,

342 1952 475 2012 Variana
494 1950 526 2010 0.
542 1955 569 2029 s.
589 1948 674 2012 Gaea
694 1950 810 2010 Romae
832 1947 867 2009 C.
883 1949 908 2008 I.
924 1947 960 2009 L.
977 1947 993 2006 Ι
1010 1947 1088 2008 1097
1112 1949 1250 2008 lectionis
1272 1967 1332 2010 non
1354 1949 1430 2010 satis

425 2061 532 2115 certae.

341 2157 379 2217 L.
400 2158 544 2218 Varianus
558 2157 674 2217 Romae
689 2156 839 2216 in-museo
847 2153 995 2214 Vaticano
1009 2153 1080 2230 gall.
1094 2154 1153 2232 lap.
1167 2155 1267 2233 suppl.
1279 2163 1394 2233 parent.
1405 2155 1431 2229 Ι,

318 2287 322 2296 ·
426 2261 586 2338 descripsit
607 2259 779 2318 Henzenus.

341 2361 436 2422 Varia
462 2364 493 2422 in
520 2361 640 2424 Sabinis
666 2381 705 2420 ex
727 2360 856 2420 Horatio
878 2360 965 2438 epist.
986 2361 1012 2433 1,
1031 2359 1111 2433 14,3
1135 2367 1207 2419 nota
1228 2367 1281 2420 est.
1319 2359 1432 2420 Vareia

341 2465 507 2544 Hispaniae
528 2463 764 2525 Tarraconensis
791 2464 852 2540 (ita
879 2483 934 2541 pro
958 2462 1048 2522 Varia
1072 2463 1141 2522 libri
1165 2462 1258 2522 Plinii
1283 2463 1388 2540 optimi
1411 2465 1428 2521 3

343 2566 359 2644 ᾗ
376 2567 429 2640 21;
455 2568 623 2628 Ptolemaei
643 2565 676 2641 2,
693 2569 728 2639 6,
746 2567 784 2627 55
808 2556 949 2648 Ouelpa)
970 2553 1072 2642 potest
1094 2565 1210 2642 origiue
1230 2582 1289 2625 non
1312 2565 1432 2625 diversa

342 2671 451 2744 fuisse;
473 2689 541 2730 nam
565 2671 655 2729 etiam
675 2669 799 2729 Varsiue
820 2667 931 2746 gentile
952 2678 1071 2744 praeter
1093 2667 1196 2728 Varios
1218 2668 1374 2745 reperitur.

75 2778 324 2838 Vavssvanruvs
342 2773 376 2832 P.
397 2774 592 2835 Vauisulaaua
613 2773 644 2830 Τ.
661 2773 688 2846 s.
711 2773 743 2831 in
764 2773 856 2830 Romo
879 2773 909 2828 di
932 2771 1018 2830 Frate
1040 2789 1135 2847 prope
1155 2769 1301 2830 Mutinam
1324 2771 1430 2831 bullen.
1551 2827 1552 2831 ,

429 2875 496 2936 dsll'
517 2881 582 2936 inst.
609 2874 687 2935 1856
710 2894 739 2951 p.
757 2873 806 2934 50.

74 2985 241 3044 Varenus
347 2977 379 3038 C.
400 2979 525 3040 Veiaaua
542 2977 573 3038 C.
597 2979 615 3035 l.
632 2977 778 3055 Fpoplra
797 2977 977 3054 Augustalis
999 2976 1030 3034 in
1053 2975 1133 3035 Foro
1149 2973 1320 3054 Sempronii
1342 2975 1431 3038 Grut.

429 3081 499 3152 150,
514 3081 533 3138 4
550 3105 587 3130 =
604 3079 740 3140 Fabretti
754 3079 826 3152 406,
839 3081 913 3158 316,
935 3078 987 3156 qui
1008 3077 1091 3138 vidit.

344 3183 382 3242 L.
402 3181 743 3258 VeranmL.s.1uaealu
766 3191 927 3242 veteranus
950 3202 987 3241 ex
1010 3182 1131 3241 cohorte
1151 3182 1303 3264 praetoria
1317 3181 1432 3243 Romae

426 3285 624 3346 Kollermaun
639 3283 706 3362 Vig.
726 3284 793 3344 148.

344 3389 377 3448 Ρ.
402 3389 501 3449 l'eiaai
522 3383 641 3447 Proculi
662 3388 694 3448 in
715 3387 860 3448 laterculo
882 3408 909 3447 a.
926 3387 987 3446 210
1009 3381 1197 3460 G.1.L.V1
1216 3386 1293 3447 1067
1318 3387 1434 3464 (1,1n;

427 3487 506 3570 apud
528 3489 775 3550 Kellermannum
789 3491 859 3569 vig.
878 3491 905 3564 1,
922 3489 951 3563 2,
968 3507 993 3548 at
1016 3489 1094 3548 male
1116 3489 1219 3548 Veloci
1240 3489 1405 3567 scribitur).

345 3593 508 3655 Beneventi
535 3605 631 3672 pagus
654 3593 788 3653 Veianus
815 3601 879 3652 erat
907 3592 951 3669 (1.
967 3591 1008 3652 N.
1027 3591 1104 3651 1487
1122 3617 1159 3641 =
1180 3591 1306 3650 Henzen
1323 3591 1432 3670 5168);

347 3706 463 3774 practer
478 3696 647 3756 Tuscorum
663 3695 757 3756 Veios
778 3696 906 3757 fortasse
928 3695 1013 3754 locus
1029 3693 1105 3752 Veia
1126 3694 1225 3752 dictus
1247 3694 1354 3752 extitit.

72 3805 322 3866 Vsarunrnuvs
349 3799 464 3879 (lippus
491 3800 659 3860 terminalis
681 3799 797 3859 Romae
824 3800 855 3858 in
878 3797 1067 3858 vineaVirili
1091 3814 1109 3855 a
1130 3796 1241 3856 Rossio
1264 3796 1434 3876 descriptus

349 3905 423 3963 haec
445 3903 536 3962 habet

757 4001 984 4045 vstmsrauoav
1056 4019 1058 4024 ·

757 4104 916 4149 lNFRON'l'E
937 4105 961 4146 Ρ·

350 4211 478 4270 Euotavi
506 4229 545 4269 cx
571 4209 690 4269 schedis
712 4207 858 4286 Hannoni.
902 4209 1001 4268 Fundi
1026 4208 1116 4286 igitur
1137 4207 1250 4266 domini
1266 4207 1436 4267 Velineiani

279 4309 281 4316 ’
352 4313 431 4387 dicti,
453 4313 533 4390 quod
556 4331 679 4386 nomen,¹
696 4330 755 4371 non
777 4330 943 4390 cognomen
964 4311 1059 4370 fuisse
1080 4310 1237 4388 probabile
1259 4317 1315 4370 est.

393 4416 521 4475 Velinus
541 4417 625 4475 lacus
647 4423 677 4474 et
697 4415 807 4476 fluvius
829 4433 923 4493 prope
943 4414 1038 4473 Reate
1062 4413 1162 4490 (cuius
1184 4433 1251 4472 cum
1266 4411 1356 4473 Velia
1376 4412 1436 4471 Ro·

351 4539 416 4580 mae
442 4529 473 4579 et
499 4519 529 4577 in
552 4517 687 4578 Lucania
708 4536 817 4578 nomen
838 4525 1040 4593 comparatum
1065 4524 1124 4590 est,
1154 4516 1189 4574 ci.
1215 4514 1384 4576 Corsscnus
1406 4517 1436 4574 in
1553 4505 1555 4516 ’

351 4623 466 4682 Kuhnii
495 4621 652 4680 annalibus
672 4621 689 4679 3
713 4641 741 4698 p.
758 4619 838 4696 260)
860 4619 983 4698 saepius
1005 4618 1206 4678 nominantur.
1249 4619 1323 4678 Inde
1346 4619 1435 4678 etiam

352 4725 476 4796 Velina,
505 4725 585 4800 quod
614 4723 711 4782 tribus
737 4739 846 4782 nomen
867 4740 934 4781 csse
956 4731 1058 4780 notum
1081 4729 1141 4796 est,
1170 4731 1201 4780 et
1221 4721 1361 4781 Velineis
1387 4719 1439 4796 (ut

352 4825 437 4886 Teba
465 4835 495 4886 et
515 4825 647 4901 Tebeia)
673 4825 738 4884 fieri
764 4833 938 4903 potuerunt3
962 4823 1082 4884 Velleio
1097 4833 1137 4884 et
1162 4823 1272 4884 fundus
1292 4823 1437 4884 Vellunus

352 4929 461 5008 (prope
483 4927 657 4988 Histonium
678 4927 803 4986 Henzen
819 4925 915 5003 6432)
939 4927 1078 4985 similiter
1100 4927 1235 4988 derivata
1256 4934 1335 4986 sunt.

85 5039 323 5098 stsruauvs
356 5031 391 5103 Q.
414 5031 595 5107 Venafranae
617 5030 730 5089 Probus
753 5027 857 5089 Cusini
879 5029 904 5088 I.
922 5027 963 5090 N.
978 5029 1060 5088 4300
1088 5029 1137 5105 (in
1159 5029 1260 5108 lapide
1281 5037 1328 5088 est
1349 5029 1438 5089 Venu-

430 5136 518 5210 sraai
539 5133 722 5216 genetivus).

1194 5237 1214 5293 4
