3510 5820
571 503 727 566 Qvnnsu.
748 505 966 557 onounuor..
987 507 1012 558 1.
1408 488 1454 559 29
1503 565 1504 568 ,

121 677 237 735 nullum
260 696 390 753 unquam
414 677 584 754 exemplum
607 678 740 756 repperi3
763 677 927 735 Turannius
950 687 994 736 ter
1016 679 1158 754 scriptum
1182 681 1280 738 estin
1303 680 1388 738 titulo
1412 701 1459 738 ur-

121 779 201 838 bano
224 778 304 854 apud
319 777 505 838 Fabrettium
528 798 556 856 p.
574 778 644 854 386,
661 778 719 838 227
743 780 873 856 itemque
895 781 927 838 in
948 780 1034 838 titulo
1057 781 1238 840 christianae
1254 781 1360 841 aetatis
1376 782 1458 860 apud

121 881 249 940 eundem
272 901 302 958 p.
318 880 389 954 386,
405 881 476 952 324,
502 881 650 940 lbrannia
671 882 717 939 bis
740 882 819 958 apud
840 883 1037 940 Muratorium
1060 900 1088 958 p.
1107 881 1231 954 1282‚6
1254 885 1284 942 in
1307 884 1395 943 titulo
1418 903 1457 943 ex

122 982 241 1041 schedis
258 984 398 1042 Accursii
421 984 591 1060 desumpto,
613 1002 690 1060 quae
713 983 808 1042 bonae
830 983 897 1042 fidei
922 991 1000 1042 sunt.
1039 981 1099 1042 Sed
1121 992 1221 1060 potest
1242 987 1273 1044 in
1294 986 1343 1045 his
1357 1006 1457 1046 exem·

120 1086 182 1162 plis
205 1095 259 1144 aut
280 1093 409 1145 erratum
432 1103 500 1144 esse
522 1105 541 1144 a
561 1084 698 1163 lapicidis
721 1086 993 1164 descriptoribusve
1015 1095 1067 1144 aut
1085 1086 1250 1146 derivatum
1267 1106 1334 1148 esse
1349 1107 1456 1150 nomen

121 1206 191 1245 eum
217 1206 312 1265 pravo
339 1189 492 1247 doctrinae
520 1187 620 1247 studio
647 1207 666 1266 a
690 1179 822 1271 rigavere
845 1187 961 1248 Graeco
988 1189 1146 1247 vocabulo.
1191 1187 1340 1268 Compara
1360 1191 1457 1249 Verrii

120 1289 227 1348 Flacci
254 1291 486 1367 explicationem
512 1271 656 1360 aFesto'
671 1312 700 1369 p.
717 1291 788 1362 365,
806 1291 843 1349 15
872 1302 1036 1349 servatam:
1068 1291 1217 1350 Tarannos
1239 1293 1377 1352 Etnascas
1403 1312 1456 1370 ap-

116 1393 229 1468 pellari
249 1393 348 1462 solitos
370 1398 411 1452 ait
428 1393 546 1453 Verrius
568 1412 588 1450 a
605 1391 751 1451 lbrrleno
773 1394 843 1452 daca
861 1392 1021 1470 Lydorum,
1045 1413 1064 1451 a
1085 1397 1166 1452 cuins
1181 1398 1278 1469 'gentis
1296 1399 1456 1471 praecipua

119 1495 396 1592 cnrdelitataqiarn
419 1506 555 1572 tyrannas
578 1496 666 1553 dictos
678 1494 717 1571 ¹).
875 1581 880 1592 ι

204 1593 372 1660 Adiectiris
398 1597 578 1656 formatione
605 1597 740 1673 aequalis
767 1607 814 1656 est
839 1597 984 1655 similisve
1006 1616 1115 1674 magna
1136 1599 1346 1675 cognominum
1369 1618 1454 1676 pars3

53 1687 55 1692 ’
118 1716 217 1774 neque
244 1699 353 1758 desunt
378 1700 558 1776 cognomina
584 1699 614 1756 in
636 1718 709 1757 anus
731 1699 869 1758 formata.
912 1700 1018 1776 Itaque
1045 1701 1081 1759 de
1103 1701 1271 1760 nominibus
1294 1702 1455 1780 gentiliciis

116 1801 149 1860 in
171 1820 245 1860 anas
272 1803 449 1878 quaesituro
474 1795 740 1878 tam'cognomina
765 1801 796 1858 in
817 1820 891 1859 anns
919 1820 1007 1879 quam
1030 1802 1182 1882 gentilicia
1202 1805 1233 1861 in
1255 1807 1340 1864 anius
1360 1804 1455 1882 respi-

117 1903 226 1962 cienda
252 1913 332 1963 sunt.
376 1902 445 1964 Non
471 1903 539 1992 dico
564 1904 596 1962 in
618 1907 702 1961 anias
725 1903 878 1980 gentilicia
900 1903 1034 1963 derivata
1055 1923 1123 1964 esse
1146 1905 1248 1964 omnia
1269 1925 1308 1964 ex
1330 1907 1454 1966 nomini·

118 2006 176 2064 bus
201 2014 254 2066 aut
280 2006 508 2083 cognominibus
535 2007 567 2064 in
593 2025 681 2078 anas3
712 2005 763 2064 sed
790 2006 914 2064 redeunt
939 2006 970 2065 in
997 2025 1058 2065 uno
1085 2025 1204 2084 quoque
1226 2009 1314 2067 trium
1336 2008 1455 2067 illorum

116 2126 260 2184 generum
287 2109 405 2168 radices
432 2108 552 2167 eaedem
581 2107 742 2167 similesne.
787 2105 864 2167 Cum
887 2127 958 2166 vera
983 2128 1037 2185 per
1059 2127 1091 2168 se
1113 2109 1266 2185 probabile
1288 2109 1379 2169 sitin
1402 2131 1455 2170 no·

117 2211 251 2270 minibus
280 2211 418 2270 similiter
443 2220 533 2287 atque
562 2211 594 2269 iu
622 2208 813 2287 appellativis
842 2229 880 2268 an
910 2211 1053 2268 suffixum
1083 2212 1226 2288 originem
1254 2211 1392 2284 localem,
1422 2222 1455 2271 ut

116 2313 250 2372 breviter
271 2313 379 2385 dicam,
401 2313 562 2384 indicasse,
585 2331 622 2371 ea
642 2321 758 2370 tantum
780 2331 819 2370 ex
842 2313 1069 2388 cognominibus
1090 2314 1121 2371 in
1142 2333 1216 2372 anas
1238 2314 1455 2392 gentiliciisque

114 2415 146 2476 in
170 2420 255 2474 anius
282 2416 330 2474 hic
352 2414 565 2488 considerabo,
592 2433 668 2491 qnae
690 2422 771 2474 certo
793 2414 1027 2491 probabiliterve
1049 2415 1087 2473 ad
1110 2415 1175 2474 eius
1197 2417 1315 2492 generis
1337 2416 1454 2476 radices

115 2527 245 2593 possunt
266 2517 379 2576 referri.

200 2620 295 2678 Aliud
317 2619 397 2678 enim
419 2627 576 2696 praeterea
597 2626 681 2680 extat
702 2619 910 2698 cognominum
933 2619 1074 2696 frequens
1090 2620 1342 2680 adiectivornmve
1358 2639 1453 2698 genus

118 2721 202 2794 (nam
230 2731 388 2798 utrumque
416 2723 513 2781 dicere
540 2721 657 2800 possis)
684 2723 715 2780 in
742 2740 815 2780 anas
841 2721 1051 2795 formatorum,
1079 2741 1157 2798 quae
1184 2723 1328 2799 originem
1350 2742 1409 2781 non
1436 2744 1456 2782 a

115 2823 205 2893 locis,
233 2825 288 2884 sed
314 2825 353 2883 ab
380 2825 548 2884 hominibus
576 2834 739 2883 traxerunt.
786 2821 845 2896 Qui
872 2845 909 2882 ex
936 2841 992 2882 suu
1017 2834 1104 2902 gente
1131 2843 1184 2900 pcr
1210 2825 1401 2903 adoptionem
1423 2827 1454 2885 in

116 2926 207 2983 aliam
229 2926 421 2998 transierunt,
444 2945 496 2986 eos
516 2927 627 3005 prioris
648 2927 746 3005 gentis
769 2925 980 2984 indicationem
1004 2927 1172 2986 servavisse
1194 2937 1297 2986 notum
1319 2936 1366 2988 est
1385 2946 1454 3005 cog·

116 3028 289 3087 nominibus
311 3048 351 3086 ex
372 3029 470 3105 gentis
492 3029 652 3106 primariae
675 3017 800 3087 nomine
816 3049 869 3106 per
889 3047 961 3086 anas
978 3028 1117 3088 suffixum
1133 3029 1284 3102 formatis3
1308 3040 1341 3090 ut
1354 3029 1454 3089 Paulli

115 3129 240 3188 Aemilii
269 3131 349 3190 filius
376 3131 473 3190 dictus
500 3138 547 3190 est
569 3129 670 3207 Scipio
693 3131 890 3190 Aemilianus.
934 3129 1003 3190 Hoc
1023 3141 1124 3190 utrum
1146 3133 1316 3192 necessario
1337 3151 1455 3210 semper

114 3232 159 3290 ita
180 3232 350 3292 institutum
371 3233 463 3293 fuerit
483 3251 577 3292 necne
598 3233 647 3291 hic
669 3251 729 3292 uon
751 3251 836 3306 ουτος
865 3240 977 3292 certum
999 3242 1098 3292 autern
1121 3243 1168 3293 est
1189 3235 1367 3312 cognomina
1388 3234 1452 3294 eius

115 3336 234 3411 generis
257 3337 395 3396 extitisse
417 3354 477 3395 non
499 3355 603 3411 pauca,
626 3346 656 3394 et
678 3334 715 3393 ab
737 3337 803 3395 eius
824 3336 936 3395 formae
955 3337 1182 3413 cognominibus
1198 3337 1286 3396 etiam
1303 3337 1454 3416 gentilicia

114 3436 237 3496 formari
263 3439 399 3515 potuisse
425 3439 457 3500 in
482 3442 576 3497 anias.
619 3438 762 3496 Pariliter
784 3439 863 3497 servi
885 3438 999 3514 publici
1022 3438 1074 3514 (ut
1095 3439 1336 3498 Mommsenus
1360 3457 1452 3516 expo-

115 3539 178 3597 suit
197 3541 269 3597 rim.
286 3540 467 3600 Staatsrealit
482 3543 496 3598 1
522 3560 550 3617 p.
569 3537 643 3616 252)
667 3540 805 3617 servique
826 3539 980 3614 nobilium,
1003 3541 1098 3617 quiin
1114 3540 1203 3601 aliam
1219 3543 1453 3600 domumtrans·

114 3641 214 3699 ierunt
234 3643 400 3702 hereditate
416 3643 463 3702 vel
478 3642 538 3700 alio
553 3643 643 3701 modo
666 3641 718 3720 (ut
734 3654 826 3720 erupta
845 3642 1055 3702 Germanianas
1069 3643 1122 3700 ille
1143 3641 1176 3703 C.
1193 3642 1269 3701 1.1..
1286 3642 1328 3714 1-1,
1345 3641 1452 3719 2641),

113 3743 226 3818 prioris
253 3744 365 3803 domini
392 3763 501 3804 nomen
528 3754 725 3804 seruauerunt
750 3745 860 3803 additis
886 3745 1042 3804 adiectivis
1069 3746 1100 3804 in
1122 3763 1195 3804 anas
1217 3745 1352 3804 formatis
1379 3743 1454 3822 (qua

114 3845 153 3902 de
175 3866 207 3905 re
222 3847 428 3906 Mommsenus
451 3846 528 3905 dixit
542 3845 707 3906 Hermae2
730 3866 760 3923 p.
779 3847 894 3924 toto).
933 3845 983 3910 Sia
1004 3865 1108 3906 servos
1129 3848 1292 3907 libertosve
1315 3847 1452 3905 novimus

113 3947 261 4007 Acteano's
281 3948 481 4026 Agrippianos
500 3948 657 4008 Galbianos
676 3949 910 4010 Maecenatianos
926 3950 1093 4009 Drusianus
1116 3949 1352 4009 Germanicianos
1370 3949 1451 4008 Dra·

113 4049 250 4110 cillianus
276 4050 504 4110 Claudianianos
526 4049 731 4110 Pallantianos
753 4050 991 4129 Poppaeanosl).
1036 4052 1195 4111 Postremo
1224 4050 1379 4111 sollemnis
1406 4059 1453 4110 est

113 4171 189 4211 annas
210 4154 380 4212 terminatio
402 4154 432 4211 iu
455 4171 595 4232 agrorum
616 4172 788 4231 camporum
804 4155 963 4214 fundorum
977 4156 1131 4214 hortorum
1146 4153 1337 4232 praediorum
1351 4154 1452 4212 vinea·

112 4274 180 4312 rum
203 4255 341 4314 villarum
363 4256 543 4316 rusticarum
566 4256 737 4314 nominibus
759 4275 778 4314 a
799 4256 930 4316 dominis
950 4257 1107 4327 derivatis3
1129 4263 1248 4333 praeter
1263 4256 1380 4316 tabulas
1396 4256 1451 4315 ali-

110 4357 290 4431 mentarias,
310 4376 385 4435 quas
407 4359 560 4431 habemus,
582 4359 759 4418 Mommseni
782 4359 821 4416 ad
843 4359 1060 4436 inscriptiones.
1073 4358 1291 4437 Neapolitanas
1314 4356 1358 4436 (p.
1375 4358 1451 4434 463)

110 4469 144 4517 et
172 4459 309 4534 Henzepi
343 4460 383 4518 ad
415 4461 555 4538 syllogen
583 4459 767 4520 Orellianam
800 4460 847 4538 (p.
870 4459 929 4537 22)
962 4461 1076 4520 indices
1108 4461 1204 4520 multa
1235 4462 1300 4519 eius
1332 4460 1450 4538 generis

110 4563 256 4640 exempla
278 4564 430 4640 praebent.
817 4571 818 4576 ’

198 4663 283 4724 Haec
313 4666 349 4724 de
376 4665 486 4743 quibus
514 4665 619 4724 ultimo
647 4666 714 4724 loco
743 4667 807 4725 dixi
835 4684 947 4743 genera
972 4666 1003 4724 id
1032 4665 1341 4737 communehabent,
1370 4665 1450 4742 quod

108 4786 181 4826 cum
209 4785 229 4825 a
253 4767 425 4828 nominibus
452 4767 612 4844 gentiliciis
639 4768 670 4826 in
697 4772 742 4828 ins
769 4768 936 4827 terminatis
963 4768 1098 4827 derivata
1120 4770 1181 4828 sint
1201 4768 1289 4846 longe
1310 4767 1450 4844 plurima,

190 5013 216 5076 ¹)
243 5013 286 5065 De
299 5014 426 5068 Oscorum
445 4977 608 5068 desnensiis
626 5018 653 5068 in
672 5017 827 5068 Mommseni
847 5017 908 5067 dial.
928 5018 962 5068 lt.
980 5017 1027 5067 int.
1047 5033 1072 5081 p.
1088 5017 1140 5068 225
1160 5017 1269 5069 fortasse
1289 5016 1365 5066 aliter
1383 5016 1449 5066 indi·

108 5107 237 5158 eandm.
594 5139 596 5142 -

193 5197 219 5261 ²)
247 5199 290 5251 Cf.
309 5199 390 5252 Orelli
410 5201 522 5254 uester.
541 5202 651 5254 Hennen
670 5203 751 5254 6255.
771 5203 852 5254 6351.
