3540 5828
357 489 406 558 84
951 475 1102 562 nussim

437 680 520 738 inter
545 683 725 758 cognomina
750 695 869 758 praeter
895 693 1009 760 septem
1032 685 1099 754 illa,
1126 684 1314 760 nuncetiam
1337 682 1457 739 nomina
1478 677 1572 736 inisse
1595 675 1689 733 modo

354 783 498 853 vidimus,
526 785 657 861 quinque
683 786 725 843 its
750 787 878 844 formata
905 799 991 858 sunt,
1019 800 1051 845 ut
1078 789 1196 864 possint
1223 787 1312 844 etiam
1339 803 1358 840 a
1384 781 1555 840 nominibus
1582 779 1614 836 in
1643 781 1690 834 ius

357 885 492 944 derivata
513 905 596 946 esse:

710 992 883 1054 latinam
1126 992 1301 1049 Tora-sinnas

710 1093 858 1152 Parianus
1069 1113 1083 1151 s
1132 1094 1295 1152 b'oiteianus

710 1197 858 1271 Beqianus

355 1365 416 1427 Sed
438 1369 570 1428 Italicius
584 1371 692 1446 Rapins
715 1372 768 1429 rix
790 1374 989 1448 reperientnr3
1012 1371 1199 1430 Torasianus
1220 1391 1239 1428 a
1253 1370 1383 1428 Torasio
1404 1367 1562 1445 proficisci,
1585 1385 1647 1423 non
1670 1383 1690 1422 a

355 1471 506 1531 Taurasia
527 1472 638 1549 oppido
660 1481 778 1532 vetusto
805 1495 844 1532 ex
871 1475 969 1552 elogio
990 1471 1143 1550 Scipionis
1167 1473 1291 1532 Barbati
1318 1472 1443 1530 senioris
1469 1479 1557 1538 noto,
1584 1487 1689 1526 exeru-

354 1563 441 1649 pium
469 1576 568 1652 ipsam
601 1575 723 1634 indicat
773 1577 908 1634 Baianus
935 1577 1096 1634 Brrbianus
1123 1577 1277 1634 Dasianus
1305 1575 1477 1632 Hadrianus
1504 1573 1687 1630 Venusianus

354 1695 425 1735 casu
451 1679 555 1736 eodem
581 1677 671 1736 modo
697 1679 826 1737 formata
852 1679 889 1736 ad
918 1679 1009 1737 Baias
1038 1679 1176 1737 Brixiam
1196 1678 1324 1736 Daciam
1346 1675 1493 1734 Hadriam
1515 1673 1687 1732 Venusiam

355 1779 419 1837 sine
440 1779 530 1837 dubio
553 1779 710 1838 referenda
731 1791 815 1852 sunt;
843 1782 1039 1840 Herculanius
1062 1791 1092 1838 et
1113 1781 1327 1839 Praenstinum
1349 1779 1443 1856 ipsam
1466 1776 1687 1835 adiectivornm

354 1882 540 1940 ethnicorum
567 1883 693 1941 formam
720 1884 862 1943 referunt.
905 1883 967 1942 Pro
994 1884 1190 1960 Maponianus
1216 1883 1343 1940 fortusse
1371 1878 1590 1939 emendandum
1619 1897 1687 1937 esse

354 1983 548 2060 Mapontanus
571 1985 643 2042 dixi.

437 2086 486 2144 Ex
514 2087 685 2145 nominibus
712 2088 743 2145 in
772 2093 855 2146 anius
881 2099 999 2165 praeter
1026 2108 1076 2158 ea,
1103 2107 1181 2163 qnae
1207 2107 1272 2145 cum
1295 2085 1523 2162 cognominibus
1545 2085 1575 2141 in
1599 2089 1687 2142 mnus

353 2189 413 2246 ium
440 2189 608 2266 composui,
635 2190 692 2247 huc
719 2191 867 2266 pertinent
886 2191 1033 2249 Boionius
1055 2211 1120 2249 cum
1143 2190 1260 2248 Baiano
1282 2188 1458 2266 cognomine
1479 2195 1509 2243 et
1530 2185 1687 2244 Maianius

355 2290 576 2361 Trebellianius,
603 2309 730 2368 quorum
758 2312 812 2351 nec
838 2295 987 2352 nominum
1016 2313 1069 2352 nco
1095 2294 1304 2370 cognominum
1330 2292 1361 2349 in
1383 2309 1455 2348 anus
1482 2289 1597 2347 formae
1625 2291 1687 2367 pri·

354 2393 467 2452 mariae
489 2393 589 2451 adhuc
607 2403 744 2470 'repertae
766 2405 844 2454 sunt.

437 2495 520 2553 inter
547 2514 602 2553 sex
623 2503 653 2553 et
675 2497 864 2574 septuaginta
885 2498 1040 2557 nominum
1061 2499 1090 2556 in
1113 2517 1200 2570 nnus,
1227 2515 1287 2555 non
1310 2498 1340 2554 in
1363 2499 1460 2566 ianus,
1488 2495 1688 2554 formatorum

354 2598 492 2674 exemplu
514 2599 574 2656 duo
596 2617 615 2655 a
636 2599 809 2676 regionibus
833 2601 967 2660 derivata
988 2619 1043 2660 usu
1065 2601 1155 2660 etiam
1176 2599 1353 2676 cognomina
1373 2600 1507 2656 fucrant:

708 2759 868 2836 Africanus
1120 2761 1258 2820 Lucanus

353 2917 424 2974 item
447 2919 484 2977 ab
507 2918 626 2996 oppidis
650 2919 784 2978 derivata
807 2921 942 2980 undecim

709 3078 842 3137 Albanus
1120 3079 1276 3137 Norbanus

709 3180 842 3240 Bolanus
1120 3181 1260 3240 Nouanus

711 3283 864 3342 bimanus
1119 3281 1297 3340 Puteolanus

709 3385 876 3444 Labicanos
1052 3405 1078 3443 ιο
1121 3383 1254 3443 Soranus

657 3507 668 3543 s
708 3488 920 3563 Neapolitanus
1128 3488 1308 3563 Venafranos

709 3589 905 3648 Nomentanus
969 3631 971 3636 -

354 3741 562 3818 Septendecim
585 3753 645 3802 tam
667 3744 697 3801 in
719 3763 792 3803 anus
814 3745 944 3804 formata
964 3744 1155 3822 reperiuntur
1176 3762 1265 3820 quam
1287 3745 1319 3803 in
1341 3748 1426 3802 anius
1447 3745 1538 3803 haec:

710 3907 876 3982 Aequanius
1054 3925 1080 3964 ιο
1121 3905 1271 3964 Novanius

709 4009 880 4083 Africanius
1122 3995 1251 4068 Obanius

708 4110 851 4186 Albanius
1122 4110 1311 4188 Supsisanius

711 4212 866 4288 Carsanius
1120 4214 1284 4272 Tuticanius

658 4333 670 4370 s
714 4313 855 4372 Coranius
1128 4316 1318 4391 Venafraaius

707 4417 891 4475 Distulanius
1052 4436 1077 4474 rs
1127 4419 1281 4494 Wpsaaius

709 4519 875 4578 samanae
1125 4519 1292 4596 Vipstanins

707 4597 857 4680 Lucaniae
1123 4621 1300 4698 Unqqunius

707 4721 873 4782 Norbaaius
1057 4728 1059 4732 ’

351 4875 458 4954 Neque
491 4897 562 4937 vero
591 4879 762 4937 necessario
789 4879 857 4938 inde
887 4879 1070 4938 concluseris
1099 4881 1173 4938 hacc
1200 4881 1301 4938 omnia
1328 4879 1462 4938 derivata
1490 4897 1559 4939 esse
1586 4891 1642 4941 sut
1668 4903 1687 4940 a

352 4979 521 5038 nominibus
548 4980 578 5037 in
601 5000 674 5038 anus
702 4990 754 5038 aut
779 5001 798 5038 a
824 4982 1051 5057 cognominibus
1079 4982 1165 5058 (nam
1191 4983 1323 5040 'Albanus
1344 4982 1501 5039 Firmanus
1523 4983 1686 5042 Norbanus

353 5081 492 5140 Nouanus
517 5081 696 5159 Venafranus
723 5083 812 5140 modo
835 5083 962 5148 vidimus
985 5085 1074 5142 etism
1097 5085 1274 5162 cognomina
1295 5071 1420 5159 iniss'e);
1448 5084 1502 5140 sed
1523 5087 1625 5160 potuit
1647 5088 1686 5145 ab

352 5183 455 5242 endem
476 5184 574 5244 radico
598 5195 722 5261 utraque
744 5185 897 5244 nominum
919 5187 1025 5261 forma,
1048 5188 1079 5244 in
1101 5206 1174 5246 anan
1195 5195 1225 5245 ot
1245 5187 1277 5245 iu
1298 5190 1392 5258 onius,
1415 5185 1556 5246 derivari.
