3450 5820
518 523 715 575 Pannonis
734 523 918 576 manseron.
1305 505 1378 576 353

56 697 139 758 Grad
161 705 239 770 tres,
261 717 299 757 ex
323 696 505 776 Stupianica
531 700 622 771 dnos,
651 717 688 756 ex
711 698 904 776 Kamcngrad
927 700 1017 771 dnos,
1044 715 1083 756 ex
1104 696 1258 757 Levanslri
1281 697 1379 758 Varoi

55 820 159 872 unum,
191 819 229 859 ex
259 798 372 860 Naiice
403 801 490 872 dnos,
524 820 563 860 ex
589 799 737 861 Virovitii
769 801 857 873 duos,
890 802 1024 878 singulos
1057 820 1095 860 ex
1127 800 1251 875 Noster,
1285 798 1381 875 Sotin,

54 903 217 974 Banostor,
239 904 347 976 Rume,
369 905 419 981 qni
442 895 513 964 sunt
533 903 603 982 pagi
626 904 690 980 agri
712 904 773 962 fere
796 904 931 964 Iasorum
953 906 1031 964 inter
1051 903 1186 962 Dravum
1208 912 1239 962 et
1261 901 1381 964 Savum.

55 1005 173 1064 Horum
196 1007 226 1064 in
249 1006 317 1065 aliis
339 1017 444 1067 auctor
465 1007 602 1066 laudatur
623 1005 705 1064 Vaso
728 1007 904 1066 Zdelarovii
925 1006 1052 1079 fiscalis,
1078 1007 1154 1067 alios
1175 1007 1278 1066 llicius
1302 1007 1344 1066 ait
1365 1025 1384 1064 a

58 1125 92 1166 se
114 1108 280 1185 descriptos
302 1127 378 1168 csse.
423 1108 499 1170 Sunt
520 1117 618 1168 autem
640 1110 720 1168 tituli
752 1109 783 1168 hi
805 1111 939 1185 exceptis
961 1110 999 1168 iis
1020 1109 1056 1168 de
1078 1109 1187 1186 quibus
1209 1128 1301 1188 supra
1322 1129 1382 1168 mo-

56 1211 107 1268 nui
129 1227 232 1270 omnes
253 1212 323 1270 falsi
345 1219 374 1270 et
395 1214 438 1272 ita
459 1213 578 1290 quidem
600 1211 728 1285 conficti,
760 1223 793 1272 nt
825 1213 949 1272 eandem
982 1231 1103 1273 manum
1130 1230 1234 1271 omnes
1257 1231 1328 1288 prae
1344 1207 1383 1271 'se

55 1313 154 1372 ferant
169 1331 223 1372 nec
237 1313 378 1374 differant
392 1316 552 1374 secundnm
568 1333 619 1376 eos
634 1320 686 1392 qui
701 1315 860 1374 laudantur
875 1327 1021 1374 auctores.
1052 1314 1217 1375 Universos
1234 1316 1281 1378 hio
1296 1315 1384 1374 edere

57 1416 142 1488 nolo;
166 1417 279 1476 subieci
302 1418 472 1493 speciminis
491 1436 584 1478 causa
598 1416 777 1478 Sirmienses
800 1420 875 1477 dnos
898 1420 935 1478 ad
950 1427 1098 1478 monetam
1121 1418 1303 1495 pertinentes
1326 1428 1384 1476 ter-

56 1518 188 1595 tiumque
210 1521 263 1596 qui
286 1519 370 1580 solus
393 1521 489 1580 adhuc
511 1541 549 1580 ex
571 1522 628 1580 hac
650 1522 768 1598 sylloge
790 1522 885 1581 lucem
909 1521 1062 1597 adspexit,
1092 1521 1219 1598 denique
1245 1532 1383 1597 quartum

55 1620 263 1681 Nasicensem.

56 1864 209 1922 Mitrovitz
231 1867 269 1921 im
292 1863 401 1923 Gortea
424 1865 472 1924 dcc
494 1865 698 1943 IIauptmutms
722 1863 823 1924 Brttt.

149 2066 527 2084 ..................
547 2043 627 2086 nero
658 2043 723 2108 aug
747 2026 751 2109 Ι
772 2030 813 2086 tr.
837 2027 904 2106 pot.
930 2019 975 2084 uii
1005 2042 1070 2086 cos.
1096 2018 1141 2084 iiii
1162 2025 1166 2102 Ι
1190 2041 1217 2084 c.
1241 2019 1385 2106 ptolum-

148 2127 222 2194 nius
248 2132 252 2215 Ι
277 2128 311 2192 111
335 2128 385 2194 vir
408 2151 436 2193 a.
462 2152 491 2194 a.
516 2152 544 2194 a.
569 2129 591 2194 f.
615 2131 636 2194 f.

57 2294 132 2353 Luc.
155 2296 210 2354 llic
232 2296 274 2354 ait
295 2295 410 2355 vidisse
432 2315 463 2356 se
486 2316 512 2355 a.
539 2296 626 2355 1845.
671 2297 719 2354 Ex
734 2297 791 2354 hac
812 2304 841 2355 et
863 2298 1000 2374 sequenti
1016 2296 1136 2373 collegit
1154 2296 1304 2356 officinam
1324 2315 1385 2355 mo·

59 2399 203 2456 netarium
226 2399 300 2457 indo·
317 2419 335 2456 a
356 2398 477 2458 Nerone
501 2399 596 2459 inisse
619 2396 731 2461 Sirmii.

58 2661 211 2720 Mitrovitz
232 2663 271 2718 im
296 2659 403 2720 Garten
425 2661 474 2719 des
495 2660 698 2738 Hauptmdnas
721 2658 822 2720 Brlciri.

149 2815 226 2903 imp.
250 2838 319 2881 ner.
344 2814 471 2881 traiano
496 2838 562 2902 aug
586 2827 591 2904 Ι
617 2824 656 2880 tr.
678 2824 747 2902 pot.
771 2816 818 2880 uii
843 2836 910 2880 cos.
933 2814 967 2879 iii
997 2813 1060 2880 dac
1085 2821 1090 2898 Ι
1114 2814 1216 2901 praef.
1242 2821 1284 2879 et.
1305 2835 1386 2900 pro·

150 2933 243 2990 curat
266 2935 271 3012 Ι
296 2932 464 3012 aequatur.
490 2934 525 2991 et
547 2926 677 3014 signato
702 2925 707 3010 Ι
732 2925 960 3010 maleatoresq.
982 2923 1072 2990 sirmi
1097 2930 1101 3011 Ι
1128 2947 1157 2989 e.
1181 2947 1214 2989 u.
1238 2948 1270 3011 p.

59 3091 133 3152 Luc.
156 3093 211 3152 Ilii
233 3093 275 3151 ait
296 3092 408 3152 vidisse
431 3109 462 3151 se
485 3112 512 3152 a.
537 3093 627 3167 1845,
650 3093 806 3170 explicans
826 3111 854 3151 v.
878 3093 896 3151 6
919 3110 933 3151 e
953 3091 1045 3169 o(oto)
1063 3091 1260 3169 mosomum).

58 3355 210 3414 Mitrovitz
233 3357 271 3412 im
292 3354 369 3428 Hofe
389 3354 438 3412 des
460 3353 662 3432 Haupmtanns
684 3349 789 3413 Brlcid.

148 3508 286 3600 niuioel
312 3509 517 3595 caeterisque
539 3518 665 3580 manill
688 3514 693 3591 Ι
718 3513 810 3578 llllll

60 3675 135 3735 Luc.
157 3676 213 3736 nit·
229 3678 272 3736 ait
290 3679 401 3739 vidisse
424 3697 457 3738 se
478 3677 562 3754 (inde
581 3676 785 3753 Kukuljevich
808 3675 838 3734 in
862 3673 929 3750 eph.
945 3674 1014 3732 Rad
1035 3673 1072 3732 23
1096 3673 1203 3750 [1873]
1226 3691 1255 3750 p.
1274 3672 1356 3749 148).
1413 3647 1415 3652 ¹

64 3935 176 3996 Naiice
199 3937 289 4014 (com.
311 3939 553 4015 Viroviticensis)
575 3940 607 3997 in
628 3939 723 3998 hortis
745 3937 918 3996 deversorii.

152 4093 172 4157 i.
195 4114 224 4156 o.
250 4115 283 4156 m
308 4097 312 4172 Ι
339 4114 442 4158 seuer.
466 4115 609 4180 procons
635 4105 639 4179 Ι
664 4093 850 4179 pannoniae
874 4090 957 4156 infer
981 4101 985 4177 Ι
1012 4136 1223 4154 .......
1250 4099 1255 4176 Ι
1282 4139 1288 4153 .
1316 4137 1323 4153 .
1350 4138 1357 4153 .
1383 4142 1390 4156 .

152 4199 1085 4288 ...lfaociloetlolaud.....t.leg.u.p.
1242 4199 1245 4208 ’

60 4365 181 4427 Ilid'ait
205 4369 403 4446 descripsisse
425 4385 461 4436 se
483 4387 510 4426 a.
535 4369 622 4428 1844.

105 4590 250 4650 Venimus
273 4593 311 4651 ad
333 4593 437 4652 titulos
460 4597 554 4652 musei
575 4592 773 4652 Pestinensis.
818 4590 999 4650 Prodierunt
1019 4591 1041 4649 ii
1064 4609 1158 4669 nuper
1183 4608 1254 4649 cura
1274 4589 1393 4649 Ernesti

11 4767 16 4770 .,
60 4691 242 4767 Desjardins
275 4704 304 4753 et
330 4695 465 4755 Floriani
494 4695 604 4754 Romen
637 4695 752 4753 duabus
785 4693 966 4752 editionibus
995 4691 1116 4752 Gallica
1147 4703 1177 4752 et
1209 4692 1394 4771 Hungarica‚

60 4813 188 4871 quarum
221 4797 275 4855 illa
308 4799 352 4857 sic
384 4799 528 4874 inscripta
555 4803 614 4856 est:
648 4805 820 4855 monuments
842 4797 1062 4873 epigrapliques
1084 4797 1123 4855 du
1144 4796 1245 4854 Music
1265 4795 1396 4855 sational

61 4898 198 4972 ltonprois
221 4901 346 4958 dessine's
368 4909 395 4958 et
415 4899 560 4976 euplique's
578 4919 638 4975 pur
654 4899 693 4957 E.
710 4900 895 4973 Desjardins,
915 4899 1028 4974 publie's
1117 4917 1178 4974 pur
1201 4899 1339 4958 isaacius
1361 4898 1396 4956 de

59 5000 139 5057 Dcm
155 5001 256 5058 Floro
272 5001 377 5060 Rdmcr
392 5001 563 5078 (Budapest
579 5001 668 5060 1873.
684 5002 736 5060 fol.
753 5021 803 5079 pp.
822 5001 891 5073 140,
906 5001 986 5060 tabb.
1004 5001 1066 5077 55).
1105 5000 1207 5059 Editio
1222 5000 1397 5079 Hungarica

61 5101 235 5178 (Budapest
249 5103 326 5162 1873
340 5103 391 5162 iol.
404 5121 454 5179 pp.
470 5101 539 5175 202,
552 5104 631 5162 tabb.
646 5103 699 5180 61)
715 5104 804 5181 longe
818 5104 936 5181 plenior
950 5114 1012 5176 est3
1028 5105 1059 5161 in
1074 5123 1110 5162 ea
1124 5112 1313 5163 accesserunt
1326 5123 1397 5164 cura

60 5202 186 5262 Romeri
214 5204 365 5281 appendix
386 5205 542 5264 titulorum
570 5217 676 5283 postea
707 5215 904 5285 repertorum,
927 5206 998 5266 item
1021 5206 1140 5266 tabulae
1162 5215 1279 5266 ceratae
1301 5205 1398 5265 musei

1128 5305 1190 5367 tl*
