3540 5828
604 485 713 574 rssur
739 525 821 574 sun.
849 524 975 574 nsum.
1408 503 1454 571 95

122 697 209 754 nime
235 704 348 772 potest:
376 715 428 754 eos
456 696 604 754 consulari
630 699 746 772 imperio
776 696 882 772 lapibus
909 697 1069 754 scribundis
1089 697 1188 768 sectos
1211 695 1363 771 capitolini
1388 695 1456 752 lasti

123 807 287 857 testantur.
330 799 454 874 inipso
477 816 596 874 quoque
618 798 758 856 feriarum
781 799 938 856 latinarum
960 797 1096 870 frustum,
1119 798 1202 855 cuius
1225 814 1358 854 summae
1379 797 1458 854 litte-

123 921 182 958 rae
204 901 233 958 in
253 901 471 958 decemviratus
495 910 612 976 tempus
634 901 739 958 cadere
755 900 940 971 videbantur,
963 899 1125 958 Hennenus
1148 899 1339 976 suppleverat
1353 900 1457 958 decern·

123 1007 202 1060 ciria
225 1004 373 1060 cornulas}
395 1013 542 1061 potestate.
577 1001 678 1076 Quare
701 1002 887 1078 propositum
909 1001 1108 1077 fragmentum
1130 1021 1195 1078 cum
1210 1002 1356 1059 fastorum
1380 1001 1457 1060 serie

124 1104 213 1162 nullo
227 1104 382 1162 videbatur
404 1123 494 1182 posse
516 1113 603 1180 pacto
627 1105 776 1181 componi.
810 1103 855 1162 Re
870 1123 941 1162 vero
964 1103 1102 1162 subtilius
1125 1122 1288 1179 perpensa,v
1306 1111 1369 1161 tota
1390 1123 1457 1160 ers-

123 1217 231 1264 neseet
251 1206 422 1265 difficultas.
455 1205 590 1265 Litterae
611 1223 746 1266 rursu...
769 1217 814 1264 ter
834 1207 978 1282 repetitae
1000 1207 1124 1264 alteram
1143 1205 1275 1264 efficiunt
1290 1206 1457 1264 columnam

123 1309 169 1365 ab
183 1328 228 1376 ea,
241 1327 318 1384 quae
333 1308 518 1367 decemviros
533 1309 648 1384 legibus
664 1309 828 1366 scribendis
845 1309 977 1377 exiribet,
999 1308 1156 1366 interiecto
1169 1308 1267 1385 spatio
1283 1309 1456 1366 seiunctam.

122 1409 195 1468 Illis
216 1410 306 1486 igitur
320 1412 417 1484 anuis,
439 1413 548 1487 quibus
572 1412 683 1469 tribuni
705 1411 834 1470 militum
849 1411 988 1486 eponymi
1011 1409 1141 1482 fuerunt,
1165 1410 1260 1468 altera
1274 1410 1362 1468 huius
1378 1408 1456 1486 frag-

122 1513 221 1570 menti
242 1504 380 1571 column‘a
408 1522 454 1570 est
474 1513 673 1571 restituenda:
703 1513 785 1590 prior
807 1512 991 1570 decemviros
1018 1512 1132 1588 legibus
1160 1512 1324 1570 scribendis
1354 1512 1455 1570 offert:

123 1621 255 1690 utraque
291 1633 456 1691 eponymos
495 1616 549 1672 hos
587 1625 674 1673 extra
712 1615 846 1673 ordinem
885 1625 1001 1674 creatos
1039 1613 1104 1672 solo
1143 1615 1336 1690 magistratus
1369 1631 1457 1672 voca·

123 1716 201 1775 bulo
232 1716 356 1788 indicat,
389 1717 574 1793 singulorum
606 1717 774 1775 nominibus
807 1717 967 1793 (quoniam
1000 1716 1090 1774 nimis
1123 1717 1245 1792 prolixa
1273 1734 1375 1774 eorum
1410 1733 1456 1774 se-

121 1820 189 1876 ries
211 1819 286 1894 erat)
312 1819 466 1877 brevitatis
496 1811 800 1896 gratia'suppressis.
845 1817 1020 1896 Superiores
1046 1818 1169 1877 maioris
1197 1818 1310 1876 moduli
1338 1819 1456 1876 litterae

121 1921 169 1978 ad
194 1921 457 1998 praescriptionem
487 1921 636 1997 pertinent
662 1939 754 1999 supra
782 1939 885 1980 omnes
908 1921 1014 1978 horum
1040 1921 1186 1980 iustorum
1210 1920 1364 1978 columnus
1391 1938 1455 1994 por·
1506 1969 1507 1972 ,

120 2029 219 2100 petuo
242 2023 331 2082 ductu
353 2025 566 2083 continuatam.

212 2110 286 2184 Rem
313 2126 356 2183 ita
381 2143 449 2184 esse
483 2126 557 2184 felix
586 2135 704 2202 praeter
732 2143 816 2202 spem
844 2126 976 2186 inventio
1005 2126 1168 2184 confirmat.
1213 2123 1293 2184 Nam
1320 2135 1453 2184 veterum

121 2245 272 2286 saxorum
295 2227 325 2285 in
347 2228 447 2286 albani
471 2229 580 2286 montis
608 2229 760 2300 cacumine
787 2247 879 2305 supra
905 2239 1014 2287 terram
1036 2228 1194 2286 iacentium
1216 2227 1351 2304 diligenti
1374 2228 1454 2286 iacta

112 2330 346 2404 conquisitione
368 2349 432 2387 eam
456 2339 570 2406 partem
588 2331 745 2400 fastorum,
767 2348 844 2406 quae
859 2331 1075 2390 decemviratus
1091 2331 1242 2388 biennium
1264 2340 1295 2387 et
1315 2330 1453 2404 proxime

120 2441 303 2506 sequentem
330 2451 440 2490 annum
467 2432 528 2490 305
556 2433 777 2520 complectitur,
812 2441 903 2492 totam
937 2433 1000 2490 fere
1027 2434 1210 2509 recuperavi.
1260 2431 1338 2490 Ecce
1371 2432 1456 2490 illam

106 2541 269 2624 'quattuor
289 2534 466 2610 compositis
487 2523 662 2610 fragmentis
684 2554 778 2612 paene
801 2536 831 2592 in
853 2535 1001 2612 integrum
1023 2535 1197 2594 restitutam.

454 3677 522 3725 ’Μ’
561 3683 641 3740 ἸΠῈ
663 3684 829 3750 ΕῙῙ)’ῙᾹΝ

488 3773 869 3842 rte··1.·F·111·NON·t=
899 3796 934 3837 ','

253 4107 280 4145 1⁵
303 4161 304 4174 χ
349 4083 364 4140 t
386 4092 554 4155 marinio
605 4112 627 4128 ··
649 4095 681 4151 J·
700 4107 746 4142 nn·
760 4093 923 4145 trabeatum

486 4247 503 4304 r.
520 4247 548 4321 s.

780 4385 809 4443 4.

5 4555 7 4620 l
115 4593 310 4668 Fragmenta
334 4590 360 4660 1,
384 4588 401 4645 2
432 4597 589 4647 servantur
615 4589 646 4646 in
673 4589 819 4648 coenobio
841 4590 950 4648 montis
974 4590 1090 4660 albani;
1120 4590 1196 4648 illud
1223 4591 1301 4648 haud
1329 4592 1371 4648 ita
1396 4591 1456 4666 pri-

5 4713 7 4758 ζ
116 4695 209 4764 dem,
234 4699 267 4748 ut
287 4690 367 4763 dixi,
389 4700 554 4769 repertum,
578 4691 634 4748 hoc
656 4710 734 4750 anno
760 4692 853 4752 1869:
883 4693 912 4764 3,
934 4693 953 4750 4
975 4691 1105 4750 Romam
1127 4693 1252 4751 advecta
1273 4713 1351 4752 anno
1376 4693 1456 4752 1870

116 4800 246 4874 egomet
261 4791 322 4850 vidi
342 4793 372 4850 in
394 4793 511 4852 horreis
533 4791 737 4869 praefecturae
759 4812 884 4871 operum
907 4795 1105 4871 publicorum.
1139 4794 1228 4854 Nunc
1251 4796 1267 4853 3
1290 4795 1455 4872 repositum

5 4965 6 4968 Ἴ
116 4905 171 4956 est
193 4895 226 4953 in
247 4893 406 4967 Palatin03
429 4896 448 4953 4
470 4895 559 4972 periit
580 4903 633 4954 aut
653 4896 735 4956 latet.

5 5001 7 5008 '
207 4995 248 5055 V.
266 4997 360 5055 1-3.
394 4998 518 5074 Apicem
541 4997 658 5056 litterae
679 4999 710 5056 in
733 4999 832 5074 priore
847 4999 978 5058 editione
994 4998 1171 5074 neglectum,
1195 5017 1312 5058 summa
1326 5000 1458 5078 fractura

116 5099 289 5178 diligenter
302 5100 448 5176 inspecta,
470 5118 564 5177 supra
584 5101 732 5178 syllabam
747 5119 807 5160 rva
825 5101 1014 5178 deprehendi.
1048 5101 1250 5179 Praeseriptio
1265 5102 1354 5178 igitur
1367 5103 1457 5162 sasto·

114 5221 189 5262 rum
212 5219 276 5258 non
296 5200 393 5260 minus
407 5209 468 5263 tres
485 5219 589 5262 versus
605 5202 727 5277 obtinet,
751 5222 849 5281 neque
864 5213 964 5264 tamen
986 5203 1103 5280 plures:
1126 5221 1260 5264 summus
1282 5205 1393 5282 quippe
1414 5205 1458 5262 ls-
