3540 5828
604 561 679 610 uux
697 552 778 610 cot.
799 559 1024 613 esuuurvrs.
1410 539 1478 608 151

155 733 255 792 datum
279 750 356 804 esse,
378 741 602 810 recuperatores
625 741 723 791 eutem
747 734 853 791 sortito
874 733 981 792 factos,
1019 732 1076 791 llis
1099 713 1205 807 positis
1227 750 1286 789 nou
1304 731 1367 789 sine
1382 731 1484 806 aliqua

155 835 367 912 probabilitate
389 836 502 894 laceras
524 835 666 911 reliquias
688 835 731 894 itu
752 834 953 913 explebimus:

322 1021 373 1078 Ad
385 1023 488 1098 fiscum
508 1041 597 1080 meum
618 1025 645 1078 si
667 1041 739 1099 quae
761 1025 958 1097 uotorumque
978 1021 1035 1096 re]i
1055 1025 1243 1079 nuntiationes

320 1124 443 1200 postiae
463 1125 538 1196 fient,
559 1128 590 1181 in
612 1126 705 1182 iudice
727 1144 782 1182 uno
805 1124 912 1200 eodem]
935 1125 1079 1182 observari
1100 1124 1180 1181 debe·

278 1255 280 1261 v
323 1225 391 1283 bunt
411 1245 484 1303 quae
505 1245 567 1284 oum
588 1229 661 1284 inter
678 1229 810 1303 priuatos
833 1228 873 1285 ad
893 1227 991 1302 unu]rn
1012 1229 1131 1284 iudicem
1153 1227 1248 1284 ibitur.

323 1329 540 1405 Reciperntores
562 1339 654 1388 autem
674 1329 725 1386 ubi
745 1330 780 1386 de
801 1347 835 1387 ea
857 1347 888 1386 ro
909 1329 1084 1404 sortie]ntur‚
1106 1329 1200 1386 eodem
1220 1329 1301 1386 modo

322 1441 354 1488 ut
373 1435 404 1488 in
425 1450 515 1490 eausa
536 1433 598 1501 fisci
619 1434 777 1490 sortiantur
791 1433 858 1508 fieri
879 1431 980 1506 d]ebet,
1001 1450 1068 1507 quo,
1089 1441 1122 1490 ut
1142 1435 1245 1506 recipe·

324 1543 435 1592 ratores
458 1535 492 1591 de
513 1552 544 1591 re
564 1543 661 1591 uestra
683 1533 867 1609 sortiantur,
891 1533 960 1609 iope,
982 1552 1068 1609 quam
1090 1533 1168 1591 vobis

323 1675 801 1696 ................
840 1635 937 1711 ὀθόνη,
954 1637 998 1712 fit.

157 1819 264 1880 Sortiri
278 1821 393 1880 videtur
407 1823 528 1897 passive
542 1831 717 1900 usurpatum
733 1839 809 1881 esse.
825 1855 865 1865 -
888 1822 925 1880 V.
940 1820 978 1879 10
1000 1821 1097 1898 prima
1112 1839 1189 1896 quoe
1204 1827 1340 1896 superest
1354 1822 1454 1880 littera
1469 1839 1484 1880 r

156 1925 253 2001 magis
276 1924 394 1982 videtur
420 1941 487 1984 esse
509 1943 598 2001 quum
619 1943 646 1985 τ.
668 1958 706 1968 -
733 1925 976 2002 Reciperotorum
1004 1923 1040 1982 de
1066 1944 1098 1982 re
1125 1923 1329 1982 Italicensium
1357 1925 1483 1996 sortitio,

157 2026 196 2084 nd
219 2025 304 2084 euius
326 2027 497 2103 exemplum
519 2027 593 2086 haec
614 2027 679 2086 fieri
701 2027 828 2099 iubetur,
849 2027 918 2104 ipsu
939 2027 990 2084 illa
1011 2034 1066 2096 est,
1087 2025 1117 2084 ni
1139 2024 1237 2098 fallor,
1261 2027 1297 2084 de
1312 2045 1373 2102 qua
1387 2025 1485 2103 agitur

154 2128 186 2186 in
209 2128 286 2205 legis
304 2127 486 2188 Ursonensis
509 2148 535 2187 c.
550 2126 639 2190 XCV
660 2129 742 2206 (vide
764 2148 856 2205 supra
876 2150 906 2207 p.
925 2128 1007 2204 140).
1044 2126 1110 2186 Lex
1132 2135 1230 2186 autem
1245 2146 1321 2204 quae
1336 2127 1485 2204 allegatur

154 2231 226 2308 ipsa
251 2240 296 2290 est
322 2232 391 2290 date
411 2231 637 2304 Italicensibus,
663 2251 728 2291 oum
752 2252 853 2292 eorum
876 2231 1064 2309 respublica
1086 2231 1322 2290 constitutaest
1366 2228 1482 2289 Nomen

154 2333 221 2392 eius
244 2333 296 2410 qui
318 2353 382 2392 eam
403 2334 500 2412 legem
521 2334 603 2395 dedit
624 2336 795 2395 coniectura
817 2335 957 2410 supplere
979 2353 1039 2392 nou
1063 2332 1167 2392 audeo.

1144 2518 1204 2578 Tu.
1228 2519 1400 2578 Mouusuu.
