3540 5828
325 514 395 584 182
892 533 1073 586 noussen:

408 706 499 766 Catol.
523 711 558 784 os
575 707 619 766 tle
639 706 691 766 Gr.
715 711 786 766 eoin.
803 709 879 766 Brit.
896 707 975 766 Mus.
992 707 1062 766 Ital.
1080 726 1113 783 p.
1129 706 1191 777 121,
1212 725 1241 764 n.
1260 709 1288 766 7.
1332 705 1432 764 Huius
1455 707 1570 765 nummi
1593 707 1658 763 duo

321 808 418 867 adhuc
439 809 625 885 exemplaria
645 813 851 883 innotuerunt,
880 828 1004 886 quorum
1028 809 1153 867 alterum
1174 813 1204 866 in
1227 819 1379 884 segmento
1405 813 1542 884 posticae
1563 809 1660 866 habet

320 909 448 969 litteras:
473 913 620 988 depoinum
641 931 696 985 ro.
712 910 716 986 l
730 957 736 970 .
750 933 809 984 un,
831 909 971 970 alterum:
995 917 1140 988 aquinum
1160 930 1196 968 ra
1209 954 1215 967 .
1230 911 1235 988 l
1249 955 1257 968 .
1269 930 1344 982 unm,
1366 915 1409 969 ita
1422 923 1532 982 tamen,
1555 923 1588 969 nt
1611 911 1659 968 ul-

321 1018 395 1070 tima
414 1013 515 1072 littera
536 1033 597 1073 non
618 1019 699 1073 omni
725 1014 908 1073 dubitatione
935 1022 1076 1092 exempta
1101 1018 1140 1072 sit
1166 1013 1312 1088 (Falerii,
1341 1012 1410 1071 ost.
1433 1012 1534 1070 Murra.
1558 1022 1577 1070 t.
1596 1013 1658 1084 IV,

322 1115 397 1174 Noc.
414 1115 444 1188 2,
463 1135 496 1191 p.
514 1115 566 1187 22,
583 1116 603 1174 2
618 1117 686 1192 cp).
719 1117 783 1176 Iam
799 1136 869 1175 vero
891 1128 1063 1195 comparato
1082 1119 1179 1174 musei
1194 1113 1360 1173 Britannici
1381 1115 1557 1191 exemplari,
1580 1133 1659 1190 quo-

322 1221 403 1276 niam
423 1237 470 1274 nm
492 1217 606 1278 detritis
628 1229 679 1278 aut
698 1223 818 1278 omissis
833 1219 1010 1296 quibusdam
1033 1222 1098 1295 typi
1118 1218 1305 1276 lineamentis
1328 1217 1415 1275 facile
1437 1235 1476 1275 ex
1497 1237 1567 1274 num
1589 1235 1660 1274 cor-

321 1323 420 1396 rumpi
448 1329 579 1396 poterat,
607 1325 639 1380 in
665 1322 712 1380 his
734 1323 873 1380 omnibus
900 1325 1029 1380 nummis
1052 1320 1167 1379 videtur
1189 1323 1332 1397 scriptum
1354 1319 1462 1377 fuisse:
1490 1320 1660 1395 Depoinum

321 1424 388 1481 Ra.
402 1465 409 1480 .
423 1443 525 1494 anum,
553 1427 597 1481 ita
618 1437 650 1482 ut
671 1423 719 1482 hio
741 1424 901 1483 habeamus
923 1423 983 1481 duo
1005 1426 1151 1499 genitivos
1177 1420 1306 1498 pluralis
1328 1421 1459 1480 eiusdem
1480 1426 1602 1497 generis
1627 1430 1661 1478 nt

322 1525 505 1583 Nuokrinum
528 1525 749 1602 (lt'uvlcirinum)
764 1525 976 1602 Alosuternum.
1012 1524 1088 1582 Illos
1105 1541 1177 1582 vero
1199 1528 1346 1599 genitivos
1368 1523 1407 1581 ad
1421 1521 1567 1582 Castores
1588 1545 1661 1602 per·

322 1632 429 1701 tinere,
453 1631 509 1686 viri
531 1633 575 1686 rei
597 1629 781 1686 nummariae
803 1631 890 1705 periti
912 1646 972 1685 non
994 1636 1103 1685 temere
1125 1630 1327 1698 coniecerunt,
1350 1625 1555 1684 demonstrare
1578 1625 1660 1683 diffi-

323 1732 379 1790 cile
393 1742 449 1803 est,
470 1731 565 1789 donec
587 1730 739 1808 exemplar
760 1730 873 1789 nummi
895 1748 963 1789 cum
984 1730 1101 1807 integra
1121 1731 1313 1804 inscriptione
1335 1731 1365 1786 in
1380 1727 1476 1786 lucem
1497 1727 1661 1805 prodierit.

325 1957 476 1964 ———--—-

853 2400 1124 2464 SURRENTUM.

325 2571 382 2630 66.
404 2571 560 2648 Amphora
580 2571 702 2630 inventa
726 2570 758 2628 in
793 2569 859 2629 Vico
884 2569 1018 2647 Equenee
1044 2573 1137 2629 vicino
1165 2565 1361 2663 n'Sorrento,
1388 2589 1468 2629 nnnc
1494 2570 1527 2628 in
1550 2590 1663 2631 museo

365 2672 580 2752 Neapolitano,
601 2674 632 2733 in
654 2691 730 2732 ansa
749 2673 840 2732 habet
861 2673 996 2732 titulum:

886 2807 1075 2909 papesavfi

885 2950 1001 3027 Papius
1023 2951 1141 3009 Aulius.

408 3088 625 3166 Apographum
647 3089 719 3147 mihi
742 3089 878 3164 praebuit
898 3088 957 3147 Th.
973 3088 1150 3148 Mommsen.
1171 3088 1267 3162 Papae
1289 3097 1334 3146 est
1356 3086 1557 3146 nominativus
1580 3088 1662 3147 eius·

324 3190 391 3248 dem
413 3191 526 3250 formae
547 3210 582 3249 ac
605 3191 736 3252 Σεστες
758 3190 948 3250 Lucanorum
976 3190 1029 3266 (ef.
1051 3211 1079 3248 n.
1101 3189 1166 3266 96),
1188 3171 1342 3264 Aetia-r
1379 3207 1434 3266 pro
1456 3193 1531 3248 ·iu-a
1555 3191 1662 3248 termi-

324 3303 423 3364 natus,
460 3301 492 3352 ut
514 3291 622 3368 Poupi,
656 3292 753 3364 Helvi,
790 3291 860 3352 Silii
886 3292 1072 3364 nominativi,
1107 3291 1225 3351 videtur
1258 3308 1424 3368 cognomen
1456 3309 1522 3350 esse
1552 3293 1664 3352 eadem

326 3396 420 3472 stirpe
443 3403 540 3454 ortum
562 3414 629 3454 cum
650 3395 760 3454 Latino
783 3395 958 3472 cognomine
980 3396 1155 3470 Aufidianus
1176 3403 1207 3452 et
1228 3413 1294 3453 cnm
1317 3394 1488 3453 nominibus
1509 3393 1663 3470 Aufidius,

325 3498 492 3574 Aufidenaa,
515 3497 684 3574 Aufidianus
712 3497 826 3572 Ofilius,
852 3496 932 3574 onus
947 3495 1078 3574 (Aesius)
1100 3496 1180 3569 aliis,
1203 3515 1330 3573 quorum
1352 3507 1399 3556 est
1418 3497 1562 3574 frequens
1584 3515 1664 3557 usus

324 3600 356 3658 in
377 3600 551 3679 regionibus
567 3599 718 3676 quondam
734 3589 834 3660 Oscis.

328 3823 662 3833 Q.-

682 4274 935 4336 CAMPANIAE
959 4271 1073 4334 LOCA
1096 4271 1296 4333 INCERTA.

270 4469 275 4480 “
327 4455 384 4515 67.
422 4458 566 4520 Poculum
588 4462 679 4522 fictile
700 4469 787 4543 nigro
801 4463 901 4522 colore
922 4467 1023 4519 inusto
1046 4479 1114 4518 cunr
1136 4480 1196 4519 una
1217 4477 1291 4518 ansa
1311 4464 1342 4516 in
1362 4458 1535 4518 collectione
1557 4479 1662 4519 rerum

367 4561 557 4637 antiquarum
579 4566 610 4622 di
633 4565 738 4624 Oratio
760 4564 885 4623 Paecule
906 4564 965 4622 olle
988 4561 1081 4632 Curti,
1108 4563 1139 4619 in
1166 4565 1249 4620 cuius
1277 4562 1374 4620 fronte
1402 4561 1529 4640 graphio
1551 4562 1661 4622 inscri-

367 4673 450 4737 ptum
472 4677 533 4722 est:

530 4801 622 4878 mals
638 4860 645 4876 .
662 4803 806 4878 kaluvis
995 4820 1095 4879 Maius
1118 4817 1262 4879 (laluvius
1286 4818 1451 4896 (Calvina).

412 5003 564 5079 Germani,
586 5009 707 5068 Memor.
723 5008 825 5068 Ercol.
843 5007 871 5065 d’
887 5007 967 5065 arel.
981 5007 1050 5078 VII,
1072 5006 1207 5084 Append.
1226 5026 1259 5081 p.
1279 5006 1330 5065 25.
1367 5006 1502 5078 Fiorelli,
1525 5006 1612 5088 ‚Scan
1629 5009 1659 5068 d.

325 5105 428 5182 Pomp.
449 5109 476 5178 Ι,
499 5110 590 5182 1850,
609 5130 642 5187 p.
659 5110 735 5184 XII,
757 5121 812 5170 not.
836 5108 895 5181 20,
923 5106 991 5167 inde
1014 5107 1157 5180 Fabretii,
1189 5107 1218 5168 C.
1241 5108 1268 5166 I.
1289 5107 1359 5166 Ital.
1384 5107 1474 5167 2839.
1518 5107 1659 5182 Enderia,

328 5208 469 5268 Formenl.
493 5211 521 5268 d.
544 5209 612 5270 Oak.
630 5209 697 5288 Spr.
721 5231 749 5271 n.
765 5211 835 5286 XL,
851 5215 875 5270 1.
