3540 5828
575 518 651 568 sax
669 517 751 568 oon.
772 475 999 568 onuurrvan.
1382 497 1451 568 133

117 689 279 749 libertinus
307 689 348 748 sit
374 693 581 766 quaestionem
608 691 672 751 fieri
700 699 780 749 vetat
806 690 859 766 (5,
875 689 943 767 21),
972 690 1030 748 hoc
1055 688 1252 766 intellegitur,
1279 708 1345 748 cum
1369 709 1454 766 prae·

118 801 205 850 terea
230 791 352 854 decurio
379 794 443 853 fieri
470 812 530 852 non
560 805 663 869 posset
688 793 748 852 nisi
770 792 971 870 ingenuus¹)‚
997 792 1028 850 in
1051 792 1168 876 oolonia
1189 789 1339 851 Genetiva
1364 793 1452 850 etiam

117 894 280 954 libertinos
309 915 376 954 cunr
405 896 444 954 ad
471 895 601 954 honores
629 909 690 954 tum
719 895 750 954 in
780 897 893 954 curiam
922 895 1073 954 admissos
1101 912 1178 954 esse.
1227 893 1333 970 Neque
1359 895 1391 952 in
1418 914 1453 953 eo

118 997 188 1054 solo
214 997 381 1074 oppido‘id
404 996 527 1058 Caesari
556 999 672 1057 videtur
698 997 857 1075 placuisse.
902 997 950 1055 Ex
976 998 1096 1055 colonia
1120 996 1199 1056 Iulia
1220 994 1349 1069 Gurubi,
1377 1015 1454 1073 quae

117 1098 153 1155 in
181 1099 284 1158 Africa
315 1108 377 1171 est,
410 1119 504 1176 nuper
535 1100 662 1160 innotuit
692 1101 797 1159 titulus
826 1097 925 1175 hio⁹):
964 1098 994 1158 C.
1028 1100 1149 1159 Caesare
1176 1103 1242 1176 imp.
1278 1118 1335 1158 coa.
1366 1099 1453 1175 ΙΙ[ι“ι]

119 1201 169 1272 (a.
192 1200 271 1276 709)
302 1201 340 1260 L.
369 1202 542 1279 Pomponius
569 1203 607 1262 L.
636 1205 654 1262 l.
681 1201 824 1278 Molo[as]
852 1204 908 1260 duo
934 1207 980 1260 air
1001 1203 1030 1262 V
1045 1221 1155 1260 murum
1176 1203 1277 1278 oppidi
1306 1210 1394 1260 totum
1422 1221 1454 1258 ee

118 1321 193 1386 saro
221 1304 363 1379 quadrato
389 1303 625 1382 oedific(oadam)
653 1304 814 1381 ooer(aoit).
859 1304 1039 1382 Nuperrime
1068 1303 1138 1362 item
1166 1303 1299 1363 Formiis
1327 1304 1454 1363 alterum

119 1405 322 1483 habuimusl)
350 1407 482 1466 eiusdem
510 1408 573 1468 iere
601 1409 707 1466 aetatis
736 1407 823 1483 (nam
853 1407 901 1464 cui
929 1406 1046 1483 positus
1076 1415 1135 1478 est,
1163 1423 1308 1465 accensus
1337 1406 1394 1465 luit
1415 1406 1451 1464 T.

118 1503 219 1566 Sextii
239 1508 311 1566 eius
340 1509 392 1585 qui
422 1509 595 1569 Numidiam
625 1510 752 1568 obtinuit
783 1529 809 1567 a.
837 1529 865 1566 u.
892 1527 917 1566 c.
943 1507 1132 1584 710-713)
1160 1508 1205 1565 Μ.
1238 1507 1332 1568 Caelii
1357 1509 1402 1568 M.
1433 1508 1452 1566 l.

115 1609 275 1668 Philerotis
302 1610 506 1688 Garamans)
533 1611 682 1688 sedala),
705 1610 874 1688 praesicca)
896 1614 915 1668 i.
940 1611 967 1669 d.
991 1652 1077 1682 ....‚
1105 1609 1225 1686 Ilair(a')
1252 1609 1378 1688 Clupeas
1399 1611 1452 1670 ota

118 1710 334 1789 Carthaginem
358 1715 504 1772 coloniam
527 1714 682 1773 deductam
705 1731 772 1772 esee
794 1733 813 1771 a
834 1711 965 1772 Caesare
988 1722 1091 1771 notum
1113 1721 1172 1784 est;
1196 1709 1311 1790 Clupea
1333 1731 1452 1790 quoque

117 1815 263 1890 oppidum
287 1813 399 1875 Curabi
428 1799 601 1892 proximum
625 1827 655 1875 et
680 1816 749 1893 ipsa
775 1816 853 1874 inter
880 1815 1016 1874 colonias
1043 1814 1136 1873 Iulias
1164 1815 1281 1873 videtur
1305 1815 1451 1892 fnisset).

118 1915 274 1974 Tenemus
301 1917 391 1996 igitur
418 1926 480 1977 tres
501 1908 637 1978 colonias
660 1937 771 1994 casque
793 1918 887 1977 Iulias
911 1915 1051 1978 Caesaris
1073 1916 1228 1976 dictatoris
1249 1936 1367 1990 omnes,
1394 1917 1451 1978 Ur·

118 2036 226 2077 sonem
248 2020 279 2078 in
294 2019 445 2095 Hispania
462 2020 611 2088 ultoriae,
634 2018 778 2087 Curubim
794 2030 823 2079 et
838 2019 983 2096 Clupeam
1000 2021 1031 2078 in
1047 2019 1160 2090 Africa,
1184 2019 1235 2078 ubi
1250 2027 1370 2096 praeter
1384 2039 1451 2079 con-

116 2121 309 2180 suetudinem
336 2121 483 2180 libertinis
509 2123 626 2182 licuerit
652 2124 781 2181 honores
808 2132 908 2201 petere
931 2122 1011 2181 etin
1034 2122 1117 2179 ouria
1140 2121 1253 2181 sedere.
1296 2122 1362 2181 Iam
1385 2141 1451 2182 cum

115 2243 220 2282 rerum
255 2231 392 2283 auctores
426 2226 556 2284 referant
584 2223 744 2286 Caesarem
772 2225 925 2302 octogiuta
950 2225 1059 2284 civium
1088 2224 1210 2283 milibus
1238 2225 1268 2283 in
1307 2233 1450 2284 transma-

114 2326 203 2383 rinas
232 2327 366 2386 colonias
395 2326 563 2388 distributis
592 2329 695 2387 urbem
724 2326 942 2403 exhausisse⁵)
972 2344 1082 2402 eosque
1111 2347 1148 2386 ex
1178 2327 1317 2386 libertino
1344 2344 1451 2404 genere

115 2429 252 2486 maxime
279 2428 468 2506 traxisset),
494 2432 620 2508 primum
649 2430 843 2509 intellegitur,
870 2449 923 2488 cur
946 2429 977 2487 in
1004 2428 1129 2487 coloniis
1155 2429 1217 2488 illis
1243 2430 1451 2490 transmarinis

113 2549 186 2587 oum
209 2531 337 2604 primum
358 2532 535 2592 decuriones
558 2534 812 2611 magistratusque
832 2540 1004 2591 crearentur
1027 2529 1109 2606 (nam
1123 2538 1267 2608 perpetuo
1282 2531 1314 2590 id
1328 2532 1451 2592 licuisse

114 2649 305 2708 nequaquam
334 2633 487 2709 probabile
509 2634 574 2712 est)
603 2637 693 2696 etiam
715 2635 847 2695 libertini
869 2635 1003 2694 homines
1025 2633 1136 2711 pariter
1158 2642 1247 2710 atque
1269 2634 1391 2712 ingenui
1413 2636 1452 2693 ad

115 2733 250 2794 honores
279 2735 401 2795 admissi
429 2737 628 2798 inveniantur.
677 2739 795 2797 Deinde
823 2738 893 2796 item
923 2737 1103 2815 patefactum
1133 2745 1194 2808 est,
1226 2736 1345 2795 colonia
1372 2736 1457 2806 Iulia

115 2833 268 2895 Genetiva
290 2856 378 2914 quam
401 2840 440 2898 ob
463 2859 582 2900 causam
606 2842 686 2901 diota
702 2831 746 2900 ¹sit
766 2840 957 2901 Urbanorum
979 2839 1021 2915 (v.
1044 2858 1073 2916 p.
1093 2839 1176 2916 119).

204 2939 402 2999 Decurionem
437 2961 477 3000 ex
510 2944 613 3002 ordine
647 2944 701 3002 eici
729 2944 864 3019 potuisse
897 2961 1012 3018 poenae
1042 2941 1162 3000 nomine
1189 2941 1300 3001 iudicio
1328 2941 1448 3018 publico
1462 2943 1589 2993 Iudicium

113 3041 224 3117 populi
250 3042 378 3102 Romani
413 3045 641 3104 condemnatum
674 3046 740 3104 iura
767 3065 844 3123 quae
872 3053 1033 3121 supersunt
1060 3043 1135 3103 satis
1163 3051 1311 3103 testantur
1321 3043 1361 3120 ⁷).
1409 3017 1595 3140 Atgfflgffi

113 3142 208 3201 etiam
231 3143 309 3222 apud
330 3147 523 3222 magistratus
546 3148 742 3224 municipales
762 3148 950 3207 decurionem
967 3147 1004 3204 de
1018 3147 1193 3223 indignitate
1208 3147 1342 3206 accusari
1358 3165 1448 3224 posse
1470 3165 1582 3215 cunonis

113 3263 215 3322 eoque
242 3247 352 3305 iudicio
378 3248 500 3326 publico
525 3249 753 3309 condemnatum
776 3269 792 3308 e
815 3259 920 3308 senatu
942 3249 1012 3322 eici,
1039 3266 1099 3325 qua
1120 3249 1157 3308 de
1178 3269 1211 3307 re
1233 3261 1356 3308 cavetur
1375 3249 1452 3327 legis

114 3367 146 3406 o.
167 3345 234 3419 CV,
261 3351 383 3409 omnino
416 3369 526 3410 novum
557 3359 619 3423 est;
653 3353 789 3429 equidem
822 3363 901 3411 certe
930 3371 991 3410 non
1017 3352 1135 3428 repperi
1164 3351 1243 3428 quod
1271 3360 1387 3411 constet
1415 3369 1450 3411 eo

112 3449 316 3536 pertineret).
353 3451 432 3511 Nam
456 3438 536 3530 quod
557 3455 693 3530 proxime
715 3454 832 3514 accedit
852 3453 999 3531 Pompeia
1019 3453 1085 3530 lege
1107 3453 1144 3510 de
1166 3453 1450 3532 Bithyniaprovin-
1558 3483 1561 3491 ·

196 3728 220 3791 ¹)
248 3731 303 3782 Lex
316 3731 411 3781 Malao.
431 3748 452 3782 c.
469 3732 504 3784 54
523 3749 579 3783 cum
594 3735 779 3784 commentario
794 3713 853 3784 meo
872 3751 897 3800 p.
912 3736 974 3785 416.
1002 3733 1332 3801 MarquardtStaatraerao.
1348 3737 1371 3796 1,
1387 3734 1449 3784 107.

195 3818 220 3883 ²)
248 3820 345 3873 Gulrin
364 3839 421 3889 aoy.
440 3840 470 3874 aa
493 3823 596 3875 Troicis
616 3828 641 3887 2,
657 3827 718 3875 212.
757 3825 798 3877 cf.
817 3826 971 3892 Marqusrdt
990 3807 1154 3878 Staalsverao.
1171 3830 1195 3890 1,
1211 3827 1262 3876 318
1283 3844 1307 3877 n.
1323 3828 1348 3877 8.

195 3911 220 3976 ⁸)
247 3911 351 3965 Bullett.
370 3910 428 3966 dett
449 3917 562 3967 instituite
585 3917 653 3967 1873
673 3934 698 3983 p.
714 3917 757 3968 87.

196 4003 221 4067 ⁴)
250 4006 359 4058 Curubis
378 4016 404 4058 st
423 4007 549 4074 Clupeas,
570 4025 635 4076 quse
654 4011 789 4076 proximae
809 4019 876 4073 sunt,
897 4011 1076 4062 condicionem
1096 4014 1205 4063 eandem
1224 4013 1303 4062 luisse
1322 4012 1451 4077 siguificat

113 4097 219 4148 Plinius
239 4098 264 4149 h.
282 4115 309 4150 n.
329 4100 360 4162 5,
380 4102 410 4163 4,
431 4103 479 4152 24ι
503 4099 606 4152 liberum
625 4101 764 4170 (oppidum)
788 4100 883 4171 Clupea
901 4104 927 4152 ia
945 4106 1116 4170 promuntorio
1136 4103 1273 4168 Mercurio,
1292 4105 1350 4154 item
1369 4102 1450 4154 libera

118 4186 239 4239 Curubis.
278 4191 398 4258 Denique
417 4201 524 4258 utraque
543 4195 634 4245 hahuit
652 4196 693 4245 vel
713 4195 832 4246 Caesaris
851 4203 967 4263 tempore
986 4199 1143 4249 duumuiros.

197 4280 220 4344 5)
248 4284 354 4336 Sueten.
375 4285 449 4336 Caes.
469 4288 513 4337 42.

195 4371 220 4437 ⁶)
247 4377 341 4428 Strabo
360 4379 390 4440 8,
404 4378 436 4440 6,
451 4377 499 4429 23ι
521 4379 682 4442 (Corinthus)
702 4366 834 4447 ιῖνιλῆφθη
852 4368 930 4430 πάλιν
949 4372 996 4431 irre*
1014 4378 1145 4449 Καίσαρος
1163 4379 1207 4431 roi
1225 4379 1290 4432 θεοῦ
1378 4373 1449 4432 irral-

111 4481 174 4523 κους
191 4461 332 4535 πέμψαντος
351 4467 395 4519 τοῦ
414 4463 611 4538 ἆπιλιυθιρικοΰ
628 4467 711 4538 ytaeus
729 4469 873 4529 altrisecus.
906 4474 978 4524 Idem
998 4476 1088 4526 scribit
1102 4474 1144 4538 17,
1160 4473 1185 4536 3,
1202 4476 1235 4525 15
1250 4491 1274 4540 p.
1286 4473 1338 4524 333
1358 4476 1449 4525 eodem

113 4567 234 4625 tempore
260 4560 396 4613 Caesarem
417 4563 601 4629 Carthaginem
625 4566 725 4615 misisse
750 4556 862 4622 ἐποίκους
878 4556 1006 4636 ‘Papulas
1029 4556 1086 4624 roric
1108 4564 1314 4648 apoatpoapivoac
1338 4560 1379 4616 rai
1402 4565 1449 4616 τῶν

113 4650 272 4720 “pertaesis
289 4670 365 4710 τινας.

196 4741 220 4806 ¹)
247 4747 288 4797 Ita
307 4749 397 4798 ordine
416 4757 552 4800 morentur
570 4751 613 4815 qui
631 4750 725 4799 falsum
745 4751 921 4800 testimonium
940 4751 1061 4802 dixerunt
1080 4751 1186 4814 (Paulus
1206 4768 1225 4802 s.
1239 4767 1261 4802 r.
1279 4753 1304 4815 5,
1322 4751 1364 4814 15,
1380 4753 1395 4802 5
1416 4752 1447 4802 ci.

114 4836 180 4901 Dig.
194 4837 239 4900 48,
256 4840 407 4903 10,13,1),
428 4843 488 4891 item
508 4843 593 4906 abigei
612 4841 682 4906 (Dig.
697 4841 742 4904 47,
759 4842 801 4905 14,
818 4846 841 4892 1.
856 4842 891 4906 3),
912 4843 1072 4894 stellionatus
1090 4845 1127 4916 rei
1148 4843 1220 4909 (Dig.
1235 4844 1278 4906 47,
1294 4845 1338 4906 20,
1353 4846 1378 4906 3,
1394 4844 1429 4906 3).

62 4943 66 4947 ’
195 4925 219 4991 ⁸)
248 4929 325 4991 Quod
348 4933 532 4998 rescripserunt
556 4935 610 4983 divi
634 4935 726 4984 fratres
748 4951 797 4984 aon
822 4933 923 4984 admitti
943 4942 1033 4985 contro
1056 4935 1139 4987 dions
1157 4936 1290 4998 stelantem,
1316 4935 1383 5004 qaod
1400 4953 1448 4986 aon

114 5031 184 5074 recte
208 5025 265 5090 quia
288 5026 322 5074 ait
345 5033 445 5076 meatur
469 5025 585 5088 decumo,
611 5043 664 5076 eum
688 5027 760 5076 initio
783 5033 872 5076 contro
892 5026 975 5077 dicere
994 5027 1108 5079 debuerit
1126 5029 1201 5094 (Dig.
1221 5029 1269 5091 50,
1292 5031 1320 5091 2,
1345 5029 1389 5090 13,
1410 5028 1447 5090 3),

115 5131 273 5182 quamquam
299 5119 368 5182 apud
392 5113 564 5184 magistratus
578 5119 745 5183 municipales
770 5127 862 5170 conus
879 5121 1016 5170 dicendum
1036 5122 1097 5184 suit,
1121 5122 1217 5187 quippe
1235 5123 1268 5172 ad
1289 5137 1353 5187 quos
1372 5122 1448 5171 deeu-

115 5211 222 5262 tionum
241 5211 337 5260 creatio
356 5219 491 5275 spectaret,
513 5213 618 5262 omnino
638 5213 767 5262 diversum
787 5218 825 5262 est
844 5212 877 5262 ab
896 5212 973 5263 buius
991 5214 1055 5278 legis
1074 5213 1170 5264 iudicio
1188 5215 1301 5280 publico.
