3540 5828
411 528 1052 602 conrnen'rs'rrouns,neremenrcss
1070 525 1174 583 retes,

880 633 1102 640 .---.--.......--
1132 634 1373 639 .--...-.--.-.-
1401 634 1453 640 .-....

128 703 164 762 G.
181 702 250 761 Silii
272 701 307 762 G.
331 701 373 779 (a.
388 703 439 778 16)
462 709 491 761 et
512 701 620 760 Latine
641 701 761 774 Sillim,
784 701 878 761 Silius
901 703 1064 780 (nomme,
1087 704 1113 763 I.
1132 705 1167 763 R.
1184 705 1279 780 Neap.
1302 705 1361 762 ind.
1383 723 1456 762 nom.

127 809 180 864 nir.
205 816 231 864 et
250 804 343 881 mul),
365 823 432 863 cnm
454 815 525 864 note
546 804 748 881 praenominis
772 804 845 865 Osci
871 804 992 864 Geaeiis
1015 807 1104 865 etiam
1130 807 1223 866 Goon.
1247 806 1400 865 scribatur.

121 1014 184 1075 ·54.
229 1013 391 1092 Signacnlo
419 1015 567 1093 impressa
592 999 709 1094 tegulae
738 1015 846 1075 litteris
869 1016 899 1074 in
928 1016 1032 1077 circuli
1058 1017 1174 1077 dimidii
1201 1018 1328 1077 formam
1356 1017 1457 1094 dispo·

171 1118 253 1179 sitis:

485 1253 690 1352 estred)
753 1373 754 1376 Ν
844 1273 902 1334 vo.
916 1273 1045 1334 Trebius
1058 1275 1098 1352 (t)

213 1449 291 1509 Dedi
312 1450 439 1523 litteras,
462 1449 566 1526 quales
581 1467 620 1509 ex
635 1447 777 1510 Schoenii
800 1458 908 1528 ectypo
924 1449 1000 1509 meis
1014 1450 1109 1509 oculis
1125 1457 1271 1529 apparent
1277 1471 1286 1524 ;
1309 1450 1363 1510 sed
1385 1469 1457 1529 spo·

127 1554 276 1632 grephnm
291 1553 348 1611 viri
363 1537 531 1611 doctissimi
552 1552 611 1610 iem
627 1561 716 1610 antea
737 1552 808 1611 mihi
824 1535 946 1612 missum
964 1552 1068 1611 habet:
1091 1553 1122 1610 id
1134 1595 1141 1610 .
1154 1564 1207 1626 trae,
1229 1555 1309 1614 uude
1331 1554 1375 1613 sic
1397 1552 1457 1613 edi·

128 1658 174 1715 dit
194 1657 283 1714 etiem
307 1656 451 1726 Febrstti,
476 1652 509 1712 0.
526 1655 551 1712 Ι.
566 1655 635 1712 Ital.
658 1674 686 1712 n.
705 1654 807 1726 2823,
837 1656 874 1728 cs.
894 1654 1036 1724 Enderis,
1061 1655 1201 1714 Formenl.
1225 1657 1276 1715 der
1299 1656 1465 1734 Osk.·Spro

127 1758 237 1818 XLII.
255 1757 379 1827 XLIII,
395 1758 438 1815 11.
480 1756 595 1834 Ectypi
612 1759 773 1816 auctoritas
795 1757 988 1816 confirmatur
1009 1757 1098 1816 etiam
1121 1757 1180 1816 alia
1200 1758 1394 1836 inscriptione
1416 1767 1458 1817 te·

128 1862 235 1939 gulae:
257 1859 343 1918 Deis.
359 1859 413 1918 Tre
435 1857 580 1934 (Fiorelli,
603 1857 682 1916 Mon.
706 1863 796 1935 epr'9r.
812 1859 912 1936 Pomp.
927 1860 968 1931 X,
986 1861 1031 1932 13,
1044 1861 1068 1919 b.
1088 1861 1185 1936 p.12.
1228 1860 1371 1934 Manna,
1392 1861 1457 1922 Uet.

127 1963 214 2022 Dt'ol.
238 1972 257 2020 t.
272 1962 315 2034 X,
329 1963 377 2031 28,
391 1961 428 2035 c),
451 1961 494 2020 ita
516 1971 549 2018 nt
569 1961 600 2018 in
623 1970 748 2038 utraque
770 1961 872 2038 tegulo
896 1961 962 2020 tte.
985 1981 1094 2022 nomen
1116 1961 1225 2040 gentile
1246 1963 1330 2040 figuli
1352 1964 1458 2022 Deliis

129 2064 299 2141 significare
314 2063 459 2122 videatur.
492 2063 601 2139 Itaque
622 2063 720 2121 facere
737 2049 796 2122 non
819 2081 989 2139 possumus,
1011 2065 1083 2142 quin
1106 2073 1274 2124 statuamus
1294 2072 1381 2124 notas
1403 2066 1459 2124 hoc

130 2186 239 2226 nomen
266 2164 476 2243 praecedentes
499 2165 550 2224 Vn.
574 2173 603 2223 et
624 2165 698 2224 Delo
721 2165 945 2243 praenominum
968 2184 1049 2238 esse,
1077 2168 1214 2243 quamvis
1240 2167 1270 2225 in
1293 2167 1360 2227 aliis
1390 2169 1460 2226 titu-

128 2270 168 2328 lis
185 2269 274 2328 Oscis
296 2287 355 2326 non
377 2269 566 2345 reperiantur
587 2268 783 2345 praenomina
799 2268 936 2327 omnibns
958 2269 1066 2329 litteris
1082 2270 1203 2346 scripte,
1226 2288 1301 2348 quoe
1323 2269 1459 2328 cumbis

129 2374 210 2432 notis
233 2380 407 2449 congruent.

133 2581 189 2642 55.
235 2581 395 2659 Signscnlo
418 2581 567 2658 impressa
589 2579 705 2658 tegulae
726 2581 865 2641 inventae
887 2582 935 2640 die
960 2583 996 2640 17
1012 2583 1085 2641 Maii
1106 2604 1133 2642 a.
1152 2582 1246 2643 1870:

438 2751 509 2828 dei(
524 2811 532 2826 .
547 2764 586 2870 tt}
601 2811 609 2826 .
627 2810 635 2826 .
653 2810 661 2826 .
848 2773 993 2836 Decimus
1016 2775 1177 2836 Terentius
1189 2776 1231 2852 (i)

216 2969 265 3028 Ex
291 2968 465 3046 apographo
492 2967 528 3026 ab
552 2967 588 3026 E.
611 2966 714 3038 Brizio
741 2975 864 3044 accepto
891 2967 985 3026 edidit
1007 2969 1147 3043 Fabrettr',
1169 2969 1259 3028 Prim.
1282 2972 1377 3048 suppl.
1400 2983 1460 3032 ent.

131 3076 198 3130 incr.
220 3073 257 3129 It.
280 3091 307 3128 n.
323 3071 397 3130 502.
442 3069 524 3130 Nota
551 3070 755 3147 praenominis
781 3070 864 3146 figuli
886 3069 961 3128 Deis.
984 3069 1094 3129 collato
1116 3073 1261 3132 vocabulo
1285 3072 1366 3134 Osco
1394 3077 1460 3134 delc-
1565 3117 1566 3120 η

129 3174 314 3232 manniti-is
336 3171 504 3248 supplenda
527 3172 658 3230 videtur:
688 3171 876 3249 Delma-⁸),
902 3181 932 3231 et
958 3191 1023 3230 cum
1047 3192 1154 3232 nomen
1181 3176 1292 3250 gentile
1318 3177 1461 3236 Terentius

130 3277 212 3335 hand
234 3294 301 3333 raro
324 3275 468 3352 scriptum
491 3275 531 3334 sit
551 3275 582 3332 in
596 3275 689 3333 titulis
705 3275 1051 3366 PompeiorumLatinis
1072 3275 1123 3351 (0.
1138 3278 1165 3333 I.
1177 3276 1247 3335 Lat.
1264 3279 1321 3348 IV,
1339 3299 1371 3354 p.
1386 3279 1460 3350 232,

131 3401 155 3440 c.
180 3379 232 3454 2),
255 3378 392 3438 conicere
417 3377 489 3436 licet
513 3377 628 3435 litteras
654 3377 751 3436 Te...
779 3377 810 3434 in
838 3378 939 3455 tegula
965 3396 1072 3436 nomen
1096 3377 1208 3438 Oscum
1230 3379 1388 3440 *Terentiae
1415 3383 1461 3440 in·

130 3483 243 3541 dicore.

130 3691 190 3753 56.
235 3689 398 3768 Signecnlo
419 3691 569 3767 impressa
591 3691 723 3785 tegulae:

493 3876 516 3949 d
533 3887 573 3950 ,ἶ
874 3885 876 3890 ’
893 3896 1036 3956 Decimus
1057 3897 1093 3955 T.

217 4091 367 4166 Ectypnm
389 4088 472 4148 misit
491 4088 527 4147 R„
544 4085 691 4148 Schoene.
734 4087 783 4146 Ex
806 4085 940 4147 eiusdem
963 4090 1136 4168 apographo
1159 4089 1205 4148 ed.
1225 4090 1361 4162 Fabretti,
1388 4091 1420 4150 C.
1435 4093 1461 4150 Ι.

129 4194 203 4254 Ital.
221 4192 359 4264 sessa.
403 4190 520 4250 Nomen
545 4190 627 4268 figuli
648 4191 826 4269 Pompeiani
848 4190 975 4249 fueritne
998 4192 1120 4286 Treln'ie,¹
1143 4211 1183 4251 an
1202 4192 1374 4266 *Tmentiia
1402 4213 1462 4252 non

129 4298 239 4373 liquet.

130 4483 191 4568 57⁶.
236 4502 399 4583 Signacnlo
421 4505 569 4581 impressa
590 4505 709 4583 tegulae
731 4505 869 4563 inventae
892 4505 939 4563 die
961 4505 980 4562 4
1004 4503 1190 4583 Septembris
1213 4525 1240 4564 a.
1258 4506 1352 4566 1869:

495 4690 576 4763 (M
605 4764 607 4772 ,
893 4710 1038 4771 Decimus
1061 4710 1097 4770 T.

217 4900 267 4958 Ex
291 4901 466 4980 apographo
489 4901 525 4960 ab
549 4901 584 4960 E.
608 4901 709 4960 Brizio
732 4902 826 4961 misso
849 4902 894 4962 ed.
917 4903 1058 4978 Febrem,
1080 4902 1171 4961 Prim.
1193 4902 1291 4982 suppl.
1314 4913 1372 4963 aot.
1397 4907 1462 4966 iser.

127 5007 203 5066 Ital.
227 5023 256 5062 a.
271 5002 343 5063 503.
