3540 5828
891 565 1054 616 CORSSEN
1064 569 1072 614 :

758 840 1051 901 AVRVNCORVM
1080 839 1205 902 AGER.

878 978 1094 1039 AVRVNCA.

321 1165 368 1224 71.
405 1163 554 1223 Nummus
578 1183 688 1226 aeneus
705 1167 800 1224 musei
815 1165 982 1226 Britannici
997 1167 1035 1224 ab
1059 1168 1154 1224 altera
1173 1174 1256 1242 parte
1272 1166 1361 1224 habet
1375 1173 1465 1243 caput
1478 1164 1651 1222 laureatum

362 1267 513 1344 Apollinis
542 1287 620 1325 curn.
642 1269 742 1326 littera
764 1273 799 1340 Θ,
832 1271 869 1326 ab
896 1269 991 1326 altera
1018 1269 1191 1344 delphinum
1213 1289 1279 1326 cum
1302 1269 1473 1326 nominibus
1495 1267 1600 1343 oppidi
1623 1277 1656 1324 et

361 1370 553 1447 magistratus
577 1371 733 1428 monetarii
756 1389 847 1448 supra
869 1378 899 1428 et
921 1371 999 1428 inira
1021 1371 1157 1447 scriptis:

625 1508 820 1581 aurunlrud
1190 1532 1342 1588 Aurunca.

625 1715 781 1790 makdiis
1188 1736 1343 1794 nacturus.

406 1869 501 1930 Catal.
517 1874 551 1946 os
561 1873 605 1930 tte
621 1871 672 1931 Gr.
688 1877 759 1931 colu.
775 1873 851 1931 Brit.
867 1873 943 1932 Mus.
953 1873 990 1932 It.
1003 1893 1034 1950 p.
1052 1875 1098 1931 75.
1129 1871 1222 1932 Cuius
1238 1875 1350 1932 nummi
1365 1871 1558 1948 exemplaria,
1574 1890 1656 1948 quae

319 1973 343 2030 Ι.
367 1973 581 2032 Friedlaender
603 1975 775 2050 publicavit,
811 1976 940 2034 incertas
973 1975 1187 2034 tandummodo
1215 1975 1362 2052 quasdam
1390 1975 1519 2033 nominis
1548 1974 1656 2050 oppidi

319 2075 474 2134 Auruncae
497 2075 568 2136 Osci
590 2077 745 2153 relliquias
768 2077 879 2136 habeut
900 2096 967 2136 cum
989 2078 1110 2136 nomine
1125 2078 1318 2155 magistratus
1333 2077 1475 2148 Maedis,
1497 2075 1655 2134 Maukdiis

321 2177 406 2252 (Oak.
438 2179 535 2236 Maius.
566 2189 585 2238 t.
615 2180 700 2238 VIII.
722 2201 752 2256 p.
775 2181 814 2238 63
836 2180 904 2256 sq.).
958 2180 1035 2238 Post
1062 2179 1209 2240 Garrucci
1237 2180 1363 2257 protulit
1394 2179 1549 2255 exemplar
1582 2198 1656 2237 cum

319 2280 428 2340 litteris
451 2282 553 2358 oppidi
566 2283 695 2340 nominis
712 2282 843 2340 Aurunk.
866 2293 896 2340 et
910 2283 1029 2341 nomine
1045 2284 1239 2359 magistratus
1256 2281 1449 2357 (meuldin,
1471 2280 1554 2338 Bull.
1570 2281 1656 2339 arcii.

318 2383 398 2458 Nep.
421 2403 467 2441 nu.
490 2402 513 2442 s.
535 2385 563 2455 Ι,
586 2394 644 2443 tau.
666 2383 725 2456 IV,
747 2386 776 2443 4.
794 2405 827 2460 p.
850 2385 894 2444 65
915 2405 969 2461 sq„
991 2386 1069 2444 unde
1092 2386 1229 2456 Fabretti,
1254 2382 1286 2442 0.
1299 2385 1325 2442 I.
1341 2385 1379 2442 It.
1397 2384 1488 2450 2745,
1510 2403 1538 2440 α.
1555 2381 1656 2442 Glose.

317 2485 356 2543 It.
379 2503 411 2560 p.
439 2486 535 2558 1090,
564 2506 623 2562 epo,
652 2487 687 2544 Z.
709 2489 737 2561 s.
767 2487 854 2564 uerpl.
883 2487 950 2564 Spr.
977 2487 1035 2560 XI,
1067 2488 1139 2546 324.
1188 2488 1284 2548 Musei
1316 2487 1481 2546 Britannici
1511 2505 1657 2546 nummus

320 2586 468 2665 integrum
491 2587 654 2646 ablativum
677 2589 753 2666 sing.
776 2591 905 2648 nominis
922 2589 995 2649 Osci
1011 2591 1165 2649 Auruncae
1186 2590 1303 2666 oppidi:
1326 2590 1491 2647 Auruolcud
1510 2589 1657 2660 servavit,

318 2688 396 2748 unde
411 2690 554 2766 sequitur,
577 2693 666 2750 etiam
688 2693 718 2750 in
736 2693 843 2752 ceteris
857 2693 1080 2770 exemplaribus
1102 2693 1236 2752 eiusdem
1258 2693 1371 2751 nummi
1393 2693 1471 2750 hunc
1486 2691 1657 2750 ablativum

323 2799 375 2849 aut
397 2793 534 2852 omnibus
556 2793 664 2853 litteris
688 2796 831 2871 scriptum
855 2805 907 2854 aut
927 2806 998 2854 nota
1020 2796 1182 2854 indicatum
1204 2793 1306 2853 fuisse.

320 3003 1650 3016 *mss-—m———ss-—mss

742 3333 858 3394 AGER
879 3331 1222 3397 TARRICINENSIS.

321 3516 377 3576 72.
414 3517 545 3576 Tessera
567 3519 698 3578 eburnea
718 3519 846 3580 Romam
869 3522 962 3580 allata
983 3523 1022 3580 ad
1045 3521 1211 3584 Sauliuium
1234 3543 1272 3582 ex
1294 3527 1356 3601 agri
1380 3521 1603 3582 Tarricinensi:

811 3677 957 3736 STATIS
970 3719 977 3732 .
991 3623 1117 3739 CL(llL
1131 3721 1137 3734 .
1152 3678 1180 3738 C

772 3777 886 3839 Statius
910 3778 1038 3840 Cloilius
1077 3781 1208 3842 Gaviis.

401 3913 514 3986 Bruma,
550 3915 631 3976 Ball.
666 3919 694 3974 d.
717 3918 790 3978 Inst.
814 3937 841 3975 a.
864 3918 901 3975 R.
923 3919 1010 3990 1864,
1035 3940 1066 3996 p.
1089 3920 1137 3978 37.
1159 3920 1210 3978 38.
1256 3919 1291 3978 G.
1322 3919 1502 3990 tt'ttlmanns,
1525 3917 1653 3995 Epium.

321 4019 411 4090 epipr.
434 4016 460 4087 1,
479 4037 512 4092 p.
533 4017 585 4076 32.
630 4015 706 4076 Cum
729 4021 758 4078 in
782 4021 843 4098 hoc
859 4020 945 4078 titulo
968 4030 1113 4098 appareat
1134 4021 1226 4081 Stetit
1248 4041 1430 4098 praenomen
1451 4031 1483 4078 ut
1506 4019 1599 4080 Statie
1622 4023 1655 4079 in

318 4117 394 4175 stela
416 4115 552 4177 Cumana
581 4122 634 4196 (cs.
657 4140 737 4197 supr.
760 4142 787 4180 u.
811 4122 871 4198 17),
893 4127 924 4180 et
948 4131 1021 4182 uota
1045 4124 1248 4201 praenominis
1275 4126 1369 4202 patris
1395 4125 1425 4184 C.
1453 4144 1514 4182 non
1541 4124 1651 4182 addita

320 4218 420 4277 littera
445 4221 542 4296 prima
568 4223 651 4280 vocis
682 4224 764 4298 filim
791 4226 905 4300 scripta
931 4227 984 4296 sit,
1020 4225 1059 4286 G.
1082 4227 1265 4286 Willmanns
1299 4238 1378 4286 recte
1406 4227 1558 4299 iudicavit,
1589 4245 1654 4285 non

321 4319 465 4380 Latinum
488 4341 556 4382 esse
578 4324 656 4384 hune
679 4326 806 4399 titulum,
830 4329 884 4387 sed
906 4327 1020 4387 Oscum
1041 4327 1160 4388 Latinis
1183 4329 1291 4390 litteris
1314 4332 1463 4406 scriptum.

743 4859 1083 4935 nnovrcvaonvn
1104 4861 1230 4922 naua.

325 5040 379 5100 73.
422 5039 516 5118 Lapis
548 5045 686 5103 inventus
721 5047 752 5104 iu
786 5065 859 5124 agro
894 5048 1026 5107 Cicoluuo
1058 5049 1095 5108 ad
1129 5053 1225 5107 vicum
1258 5047 1350 5107 Neace
1381 5049 1461 5107 haud
1493 5049 1601 5125 procul
1635 5071 1656 5109 a

363 5141 605 5204 Pescoroccba'ano
636 5147 668 5204 in
704 5149 882 5224 deleqazioue
906 5150 984 5208 Rieti
1004 5169 1105 5210 mense
1127 5151 1267 5210 Ianuario
1294 5171 1342 5209 an.
1373 5152 1451 5211 1859
1478 5153 1509 5210 in
1530 5169 1655 5212 camera

363 5247 558 5306 subterranea
579 5267 645 5309 cum
667 5251 798 5311 nummis
820 5263 850 5310 et
871 5253 956 5311 varia
977 5253 1158 5330 supellectili
1180 5263 1210 5313 et
1230 5253 1327 5314 titulis
1348 5252 1479 5312 Latinis:
