3540 5828
341 518 388 588 86
928 525 1078 586 nunnus

340 711 415 770 Item
438 711 581 788 pluralia:

746 833 899 910 Aequiculi
1106 833 1194 892 Eruli

747 937 852 996 Cerelli
1054 955 1066 994 5
1106 936 1205 994 Fundi

748 1039 856 1098 Corioli
1105 1037 1219 1097 Puteoli

342 1232 511 1295 Secundum
543 1241 710 1292 exterarum
740 1231 988 1292 consuetudinem
1017 1232 1148 1309 gentium
1176 1232 1305 1290 formata
1334 1241 1402 1290 sunt
1429 1251 1447 1290 a
1475 1231 1615 1292 Gadibus
1644 1241 1676 1289 et

342 1335 524 1414 aNeapoli:

749 1454 912 1514 Gaditanus
1106 1455 1315 1532 llleopolitonus

342 1650 452 1726 quibus
473 1649 602 1708 sortasse
624 1648 739 1706 accedit
756 1647 924 1720 Tiditanus,
947 1647 1093 1724 siquidem
1115 1665 1292 1724 componere
1314 1647 1383 1706 licet
1404 1647 1460 1706 hoo
1480 1666 1590 1706 nomen
1607 1668 1676 1708 cnm

342 1752 453 1829 oppido
476 1751 586 1810 Tuder.
632 1753 660 1808 Α
682 1748 868 1809 Tudertibus
892 1749 1071 1809 Tudertonus
1094 1750 1212 1826 quidem
1234 1750 1299 1808 fieri
1320 1751 1428 1827 potuit,
1450 1750 1503 1808 sed
1526 1761 1675 1810 mutatum

343 1865 389 1914 cst
410 1856 440 1912 in
466 1853 625 1912 Tuditanus
646 1854 776 1912 sortasse
797 1861 919 1930 propter
941 1853 1009 1910 soni
1029 1851 1183 1924 duritiem3
1211 1871 1279 1911 nam
1301 1851 1381 1928 quod
1403 1854 1509 1910 Ateius
1532 1855 1677 1928 probarit

344 1979 362 2016 a
383 1956 476 2015 ludite
497 1956 694 2032 veriloquium
717 1953 846 2031 (Festus
868 1973 897 2030 p.
917 1953 991 2031 352)
1014 1955 1101 2013 nobis
1123 1955 1276 2031 probabile
1298 1966 1434 2014 nonest.
1478 1955 1620 2032 Denique
1643 1967 1678 2016 ut

343 2081 362 2118 a
382 2067 483 2118 monte
506 2059 675 2130 Montanus,
703 2060 746 2116 ita
767 2066 847 2116 recte
870 2077 888 2114 a
909 2054 1012 2115 Caelio
1034 2067 1134 2116 monte
1158 2057 1403 2116 Coeliomontouus
1426 2057 1488 2116 sive
1513 2058 1678 2118 Coelimon-

344 2173 428 2222 tonus
447 2161 556 2220 iactum
580 2170 639 2231 est;
661 2161 688 2219 ei
711 2159 823 2220 similia
844 2169 915 2218 sunt
935 2160 1129 2218 Albinouanus
1153 2160 1190 2217 ab
1211 2159 1290 2217 Albo
1310 2179 1385 2218 nouo
1406 2159 1528 2219 Albiovc
1549 2181 1624 2220 nouo
1646 2173 1681 2221 et

349 2267 551 2325 Tusciuicanus
573 2284 592 2322 a
611 2268 673 2322 uico
695 2263 784 2322 Tusco
806 2261 948 2320 derivata.
985 2261 1032 2321 Ea
1053 2263 1120 2321 sola
1141 2270 1212 2322 sunt
1231 2262 1378 2320 vocabula
1399 2263 1575 2340 composita,
1599 2283 1680 2340 quae

344 2370 375 2427 in
396 2375 458 2427 tato
480 2369 537 2425 hoc
559 2366 712 2424 nominum
734 2364 838 2423 ordine
860 2373 974 2424 extant.

428 2470 580 2529 Interdum
603 2468 781 2546 oppidorum
802 2467 982 2544 populorum
1005 2469 1159 2546 regionum
1182 2468 1317 2527 locorum
1339 2467 1464 2526 aliorum
1479 2469 1603 2528 nomina
1618 2470 1680 2528 iam

344 2595 398 2652 per
413 2593 450 2634 an
466 2571 607 2630 suffixum
623 2571 751 2630 formata
764 2570 933 2628 nominibus
949 2571 1094 2646 originem
1111 2554 1266 2629 dederuutss
1300 2571 1346 2628 Ita
1361 2571 1399 2629 ab
1415 2571 1548 2629 Aeclano
1563 2571 1680 2631 lactum

346 2683 392 2734 est
408 2675 574 2745 Aeclaniua,
596 2673 764 2732 aBoriano
786 2681 846 2731 tam
863 2673 1012 2731 Bouianus
1034 2690 1123 2748 quam
1138 2672 1308 2742 Bouianius,
1330 2673 1368 2731 ab
1388 2671 1580 2732 Herculaneo
1601 2675 1681 2734 Her·

347 2779 480 2838 culancua
495 2776 689 2835 Herculaneus
711 2783 741 2834 el
762 2777 799 2834 ab
821 2776 869 2834 his
889 2794 950 2834 non
965 2775 1090 2833 multum
1106 2775 1255 2834 diversum
1270 2775 1467 2846 Herculaneum
1492 2797 1510 2834 a
1523 2775 1684 2836 Taurania

346 2881 475 2940 sortasse
492 2880 663 2938 Tauronius.
698 2877 883 2955 Papularum
906 2879 1027 2936 nomina
1049 2877 1212 2938 Cessitonus
1235 2877 1412 2937 Frentranus
1431 2877 1593 2937 Germanus
1609 2879 1683 2937 Hia-

342 3002 439 3060 pnnus
459 2981 596 3042 Lucanus
612 2979 824 3039 Proetunionus
840 2979 999 3055 Sequanae,
1022 2980 1132 3038 montis
1156 2979 1298 3051 Vaticani,
1319 2981 1389 3060 pagi
1413 2980 1534 3051 Velloni,
1554 2981 1684 3040 Vononi

348 3075 479 3144 fluminis
501 3083 637 3143 similiter
658 3083 782 3141 redeunt
802 3083 884 3140 inter
901 3081 1021 3140 nomina
1043 3082 1270 3159 cognominave3
1293 3082 1452 3153 interdum,
1475 3092 1507 3141 ut
1527 3082 1681 3154 Lucanus,

346 3187 492 3246 trifariam
515 3186 668 3263 (Lucanus
690 3195 813 3258 nomen,
837 3201 1010 3260 cognomen,
1032 3185 1182 3244 Luranius
1204 3183 1325 3260 nomen)
1347 3185 1487 3243 adhibita.
1532 3184 1684 3245 Similiter

346 3301 450 3350 notum
472 3296 519 3348 est
540 3307 559 3346 a
581 3288 713 3347 Traiano
735 3287 813 3346 viam
835 3287 943 3346 dictam
967 3305 1034 3346 esse
1056 3288 1224 3362 etreliqua
1246 3287 1384 3358 Ticinus,
1407 3307 1468 3346 non
1484 3287 1682 3352 Troianiana,

346 3407 379 3454 ut
407 3396 444 3452 ab
472 3393 609 3468 Augusto
636 3389 784 3466 Aupusto3
815 3389 963 3448 interdum
992 3399 1090 3450 tamen
1120 3388 1259 3465 analogia
1284 3389 1366 3462 lecit,
1395 3397 1429 3447 ut
1455 3389 1528 3447 talia
1554 3409 1682 3466 quoqne

346 3503 540 3555 mutarentur.
582 3494 629 3552 Ita
656 3511 674 3550 a
695 3491 816 3551 Lucano
841 3491 970 3568 quodam
997 3501 1124 3550 turmam
1152 3491 1261 3550 dictam
1286 3493 1450 3568 reperimus
1472 3491 1682 3552 Lucaniacum

348 3597 457 3676 (Orell.
475 3595 586 3671 3415);
616 3614 742 3672 quocum
765 3594 976 3653 conferendum
997 3595 1193 3652 Romanianus
1215 3613 1322 3652 nomen
1343 3593 1537 3670 gentilicium.
1585 3597 1682 3655 Acce-

347 3702 421 3760 dunt
440 3700 489 3758 his
510 3698 641 3757 sortasse
662 3697 830 3756 Boebionua
853 3697 1006 3756 Marianus
1029 3691 1147 3774 aliaque
1170 3687 1288 3767 similia,
1312 3715 1388 3773 quae
1410 3697 1498 3754 etiam
1520 3717 1558 3755 ex
1583 3699 1680 3776 genti·

345 3804 422 3862 liciis
444 3799 573 3860 derivari
595 3800 729 3876 potuisse
751 3800 891 3858 vidimus.

429 3904 535 3980 Itaque
562 3922 601 3962 ex
628 3903 725 3960 forma
749 3902 884 3962 derivata
904 3903 941 3960 'in
963 3921 1035 3961 onus
1060 3903 1124 3960 sive
1146 3905 1229 3960 anius
1251 3901 1338 3960 radix
1360 3903 1427 3977 ipsa
1447 3903 1533 3960 cuius
1555 3906 1683 3981 generis

346 4008 435 4068 luerit
457 4015 537 4065 certo
560 4005 675 4063 definiri
697 4005 809 4080 nequit.
853 4005 968 4063 Tamen
990 4005 1182 4080 probabiliter
1203 4004 1369 4079 comparari
1391 4015 1519 4080 possunt
1541 4005 1684 4066 derivata

347 4131 366 4169 a
391 4109 561 4168 nominibus
589 4107 775 4183 simplicibus
801 4107 832 4164 in
861 4128 880 4165 c
907 4107 1124 4180 desinentibus,
1158 4107 1249 4165 veluti
1276 4107 1354 4164 Albo
1380 4107 1459 4166 Bola
1484 4107 1569 4166 Buca
1603 4109 1683 4168 Coro

351 4213 427 4272 Cosa
448 4208 550 4270 *Luca
569 4209 650 4268 Nolo
669 4210 771 4269 Norba
791 4209 883 4268 Roma
905 4209 983 4268 Sora
1006 4193 1103 4269 Suasa
1127 4209 1229 4279 Treba,
1250 4229 1318 4268 cum
1340 4209 1401 4268 his:

756 4391 854 4451 Cordo
1046 4414 1072 4453 uo
1114 4395 1200 4456 Scuta

757 4495 846 4570 Corsa
1114 4498 1229 4572 Sponte

753 4593 873 4656 ’Moero
1117 4600 1191 4658 Teio

754 4699 843 4758 Musa
1113 4699 1212 4760 *Trita

701 4823 712 4862 ⁵
755 4799 858 4861 *Nouo
1119 4805 1202 4862 Vella

751 4901 845 4966 fOoto
1046 4924 1071 4964 rs
1122 4907 1205 4965 Vesta

758 5007 820 5065 'Ora
959 5021 960 5024 ’
1120 5009 1195 5068 Vero

756 5107 832 5166 Sola
991 5099 995 5106 ¹
1119 5110 1196 5169 Voro

755 5209 828 5270 Sota
