3540 5828
613 533 686 583 LEX
706 533 788 583 001..
810 532 1037 586 Guuu'rlvuu.

510 1801 759 1900 arcuumx
786 1821 1140 1900 oouuuumnn.

245 2104 334 2180 Quod
363 2125 454 2185 supra
483 2106 529 2185 (p.
549 2106 626 2182 106)
659 2108 722 2166 dixi
750 2108 787 2166 ab
816 2106 928 2166 editore
956 2126 1055 2164 aerum
1086 2103 1302 2166 Ursonensium
1331 2104 1492 2163 occasione

161 2207 232 2264 data
260 2209 329 2266 item
357 2210 468 2284 publici
494 2210 568 2268 iuris
590 2211 700 2268 sactum
723 2227 788 2268 esse
810 2210 1007 2288 fragmentum
1030 2207 1150 2267 tabulae
1173 2225 1277 2266 aercae
1299 2206 1424 2264 Italicae
1446 2227 1491 2264 rc·

160 2318 292 2386 portum,
318 2310 346 2368 id
370 2331 539 2389 quanquam
562 2312 703 2388 exiguum
725 2321 770 2371 est
791 2312 917 2388 ideoque
940 2331 999 2370 non
1022 2311 1124 2389 magni
1145 2310 1246 2388 pretii,
1275 2316 1374 2368 tamen
1396 2310 1492 2367 visum

160 2418 289 2469 estnon
312 2413 506 2472 omittendum
530 2431 597 2472 esse
619 2415 649 2471 in
672 2414 728 2474 hac
749 2414 826 2491 legis
847 2413 1030 2474 Ursonensis
1053 2413 1193 2471 editione.
1538 2405 1542 2414 ’

244 2514 351 2592 Itaque
373 2515 496 2573 Italicae
524 2516 590 2592 (qui
612 2516 700 2575 hodie
723 2517 807 2576 vicus
830 2525 875 2576 est
897 2517 1071 2592 Soatipoaoe
1093 2515 1190 2574 dictus
1213 2532 1307 2592 prope
1329 2512 1492 2590 Hispalim,
1548 2573 1563 2592 Ι,

161 2613 197 2674 C.
214 2615 239 2673 1.
255 2615 290 2674 L.
311 2616 343 2673 11
365 2635 396 2692 p.
416 2617 493 2691 145)
521 2619 552 2676 iu
579 2618 683 2678 mediis
711 2619 921 2697 amphitheatri
948 2618 1103 2696 parietinis
1125 2638 1151 2676 a.
1171 2617 1249 2676 1868
1277 2615 1417 2675 effossum
1446 2625 1492 2673 est

160 2717 360 2794 fragmentum
387 2720 516 2778 laminae
545 2740 667 2792 aereae,
699 2722 792 2781 latum
820 2742 859 2780 m.
882 2720 969 2792 021,
1002 2721 1096 2779 altum
1118 2719 1205 2790 0.16,
1238 2738 1333 2795 paene
1363 2717 1491 2792 undiquc

160 2820 330 2893 effractum3
360 2841 428 2880 nam
458 2821 555 2880 dextri
584 2831 697 2882 tantum
726 2825 870 2901 marginis
897 2841 967 2900 pars
996 2823 1118 2881 inferior
1144 2823 1261 2898 integra
1288 2831 1407 2880 servata
1436 2828 1490 2878 est.

162 2919 269 2982 Servat
295 2923 417 3002 Hispali
444 2924 624 2984 Franciscus
646 2926 816 2986 Matthaeus
840 2926 936 3003 Gago.
979 2925 1162 2983 Litterarum
1189 2925 1286 2982 forma
1313 2922 1418 2982 similis
1447 2931 1493 2981 est

160 3027 241 3096 eius,
269 3044 358 3103 quam
385 3027 468 3101 prior
497 3027 598 3086 tabula
619 3025 805 3088 Ursonensis
828 3035 988 3100 monstrat;
1017 3028 1131 3087 scilieet
1152 3027 1268 3085 videtur
1289 3035 1318 3084 et
1339 3026 1406 3103 ipsa
1428 3042 1493 3082 sae-

159 3127 221 3186 culi
244 3146 310 3186 esse
331 3129 418 3206 primi
441 3131 578 3188 exeuntis
600 3131 767 3190 ineuntisve
790 3132 922 3191 alterius.
956 3117 1059 3188 Edidit
1073 3129 1226 3206 Berlanga
1246 3148 1275 3206 p.
1295 3127 1399 3186 lllss.
1422 3126 1493 3185 libri

161 3230 210 3288 sui
234 3229 270 3288 de
293 3231 411 3290 aeribus
434 3229 660 3291 Ursonensibus
684 3233 801 3292 adiecta
822 3233 924 3293 tabula
949 3232 1153 3310 lithographa,
1181 3250 1219 3288 ex
1246 3249 1305 3305 qua
1327 3249 1374 3287 vr.
1394 3229 1405 3286 l
1425 3227 1492 3286 et2

158 3332 247 3390 initio
275 3333 378 3410 paullo
405 3333 557 3409 pleniores
581 3334 715 3409 (scilicet
741 3337 849 3396 litteris
877 3335 1038 3394 dimidiatis
1066 3333 1189 3408 auctos)
1216 3331 1375 3410 descripsi;
1403 3331 1492 3388 etiam

157 3454 187 3492 r.
207 3433 224 3492 3
249 3443 392 3508 extremo,
415 3436 465 3495 ubi
488 3437 562 3494 nihil
585 3456 756 3515 comparere
779 3439 852 3497 dicit
866 3437 1028 3516 Berlanga‚
1052 3435 1153 3494 tabula
1174 3435 1277 3492 hastae
1300 3434 1387 3493 unius
1405 3435 1492 3492 vesti·

157 3535 242 3615 gium
265 3539 404 3613 praebet3
426 3545 583 3616 praeterea
604 3559 674 3598 vero
697 3539 772 3598 nihil
794 3559 926 3618 unquam
947 3541 1004 3599 hoc
1021 3557 1109 3597 vorsu
1132 3537 1275 3613 scriptum
1297 3544 1370 3594 erat.
1409 3533 1493 3610 Quae

155 3647 277 3698 restant
299 3640 373 3698 haec
395 3653 481 3700 sunt:

676 4404 756 4452 r'va
783 4409 930 4455 conam
956 4409 1086 4454 mono

641 4511 1086 4568 aneerovraecrre

156 4905 348 4964 Particulam
371 4924 439 4965 esse
461 4905 550 4965 edicti
572 4905 619 4963 vel
643 4905 788 4981 epistulae
809 4924 848 4962 ex
869 4905 946 4962 vodis
968 4903 1125 4976 vocabulo,
1147 4903 1227 4980 quod
1249 4925 1276 4962 v.
1294 4904 1311 4962 9
1326 4911 1402 4962 extr.
1423 4903 1494 4981 legi·

156 5016 223 5080 tur,
253 5017 332 5066 recte
354 5007 506 5088 Berlanga
532 5007 686 5066 conclusit.
732 5004 791 5066 Sed
818 5007 897 5082 quod
924 5006 1165 5064 constitutionem
1192 5006 1287 5064 fuisse
1309 5006 1495 5065 existimavit

157 5111 352 5188 imperatoris
375 5110 537 5183 Hadriani,
561 5129 621 5186 qua
642 5110 669 5169 is
690 5109 889 5185 municipibus
912 5107 1120 5166 Italicensibus
1143 5107 1277 5167 coloniae
1299 5108 1346 5167 ius
1369 5108 1493 5179 dederit,

158 5215 262 5274 miuus
290 5221 401 5272 certum
431 5222 484 5272 est.
534 5212 670 5271 Primum
699 5212 779 5270 enim
808 5231 844 5268 nc
874 5209 950 5276 illud
978 5207 1096 5286 quidem
1126 5219 1207 5269 certo
1234 5210 1356 5288 probari
1384 5218 1494 5289 potest,
