3510 5820
531 503 689 604 Qvnusr.
709 542 926 597 ouounron.
945 546 970 596 1.
1364 525 1411 598 35

333 713 366 773 C.
383 715 557 791 Calpetanus
571 715 695 776 Raetias
715 716 875 788 Quirinalis
896 716 1027 776 Valeriae
1041 717 1145 777 Festus
1167 719 1213 776 vir
1233 719 1333 778 clarus
1348 720 1414 779 aevi

412 816 591 896 Vespasiani
614 837 653 877 ex
667 817 775 878 Tacito
796 819 958 896 multisque
982 820 1076 880 titulis
1097 829 1202 892 notus;
1224 839 1300 898 quae
1315 821 1415 880 omnia

411 919 525 978 indicat
545 921 724 980 Mommseni
745 920 837 980 iudex
858 919 1016 982 Plinianus
1039 943 1068 1001 p.
1084 921 1154 982 427.

332 1022 362 1081 0.
382 1020 559 1100 Calpetanue
575 1021 700 1082 Tleorus
721 1021 837 1083 Romae
859 1023 884 1082 I.
900 1023 939 1082 N.
957 1023 1086 1084 676911
1106 1026 1137 1084 in
1157 1024 1300 1085 laterculo
1320 1026 1414 1086 tribu·

411 1123 483 1182 lium
506 1124 601 1184 tribus
625 1123 798 1186 Sucusanae
820 1144 848 1185 a.
865 1125 914 1184 70.

332 1224 364 1284 C.
382 1225 557 1303 Calpetanue
572 1227 655 1285 Faor
675 1228 707 1286 in
721 1227 832 1308 tegulis
854 1247 881 1287 a
901 1228 958 1287 147
982 1229 1063 1306 apud
1077 1229 1236 1289 Mariuinm
1252 1232 1326 1289 Arv.
1345 1231 1413 1290 144.

332 1327 362 1386 0.
380 1327 585 1404 Ca[l]petanue
599 1328 744 1389 Liuianus
758 1331 789 1388 iu
804 1331 947 1422 mortario
961 1331 1146 1410 Pompeiano
1161 1332 1186 1391 1.
1202 1331 1242 1392 N.
1260 1333 1351 1402 6703,
1367 1332 1414 1391 17.
1529 1361 1536 1376 1

370 1429 413 1488 Hi
434 1439 496 1490 tres
519 1431 624 1491 ultimo
646 1432 712 1492 loco
734 1431 805 1491 dicti
827 1433 866 1492 ad
887 1433 1054 1492 clientelam
1076 1432 1182 1493 domus
1197 1433 1311 1494 Valerii
1331 1434 1415 1494 Festi

329 1540 457 1607 possunt
478 1533 669 1610 pertinuisse.
1305 1539 1306 1542 ’

331 1632 418 1708 Quod
445 1635 476 1693 in
499 1634 657 1714 Calpeteni
686 1638 807 1697 nomine
828 1637 908 1696 inest
929 1648 954 1698 st
976 1638 1118 1698 suffixam
1140 1638 1415 1715 frequentissimum

330 1745 377 1795 est
396 1738 428 1795 iu
449 1738 617 1808 nominibus
632 1741 841 1817 geographicis
856 1739 1032 1817 Hispaniae,
1055 1740 1148 1800 veluti
1163 1741 1193 1799 in
1212 1739 1307 1801 Callet
1323 1741 1415 1815 Osset,

329 1839 423 1899 Edeta
449 1840 587 1912 Talentm,
612 1841 750 1919 Ilerpetes
771 1842 931 1920 Indigetes,
959 1842 1122 1903 Anastasius
1144 1842 1320 1903 Bastetanae
1344 1843 1416 1904 Car-

325 1953 448 2018 petanos
479 1940 650 2003 Cerretanus
674 1943 841 2004 Ceseelanae
866 1945 1035 2004 Iocastanus
1061 1944 1226 2004 Laeetanue
1253 1945 1415 2005 Laletanae

330 2042 386 2119 (de
413 2045 522 2120 quibus
550 2044 613 2104 dixi
641 2045 771 2106 Hermae
792 2047 808 2106 1
833 2067 863 2125 p.
888 2045 1013 2122 377ss.)
1040 2047 1229 2108 Mauretania
1258 2045 1416 2107 Sedetanue

330 2145 520 2206 Suessetanae
546 2149 740 2222 Turdetanos3
768 2149 881 2210 similis
909 2149 999 2208 etiam
1027 2149 1172 2209 Africana
1200 2147 1318 2210 Gallica
1344 2149 1416 2208 His·

331 2267 424 2325 pana,
458 2250 550 2309 veluti
583 2250 744 2328 Aquitanas
776 2251 939 2312 Gaditanus
972 2251 1198 2312 Gracurritttnue
1229 2253 1416 2329 Ipaeditanus

331 2352 494 2412 Icositanas
516 2351 676 2412 Dusitanue
703 2362 792 2431 atque
819 2353 956 2414 derivata
982 2354 1020 2412 ab
1045 2354 1222 2432 oppidorum
1244 2353 1415 2413 nominibus

330 2453 360 2513 in
382 2458 394 2512 i
415 2454 462 2512 vel
483 2459 510 2514 ie
532 2456 738 2516 desinentibus
760 2457 918 2516 Accitanue
933 2456 1124 2516 Aruccitanus
1138 2455 1329 2516 Bilbilitanue
1345 2454 1416 2516 Sae-

332 2555 476 2616 tade'tanas
499 2556 658 2617 Subitunus
685 2557 831 2633 (fortasse
859 2557 974 2620 aSubi
996 2558 1132 2630 flumine,
1162 2557 1198 2617 of.
1223 2556 1258 2617 C.
1278 2557 1303 2616 1.
1323 2555 1360 2617 L.
1382 2558 1416 2616 11

331 2657 427 2736 ³297)
452 2657 645 2719 Sebastianus
664 2659 833 2719 Veseitanas
856 2659 923 2719 alia
967 2659 1005 2717 In
1025 2659 1170 2737 Bithynia
1191 2661 1298 2720 flumen
1320 2666 1366 2720 est
1387 2669 1417 2718 et

333 2768 437 2836 portus
453 2752 578 2823 stum
590 2763 654 2820 sive
670 2752 792 2834 licitum
807 2761 904 2822 dictus
925 2762 1112 2840 (testimonia
1128 2760 1196 2821 vide
1215 2762 1246 2821 in
1261 2761 1418 2822 Benseleri
1498 2839 1499 2842 Ἴ

333 2863 546 2940 onomastico);
567 2865 807 2943 promontorium
825 2865 943 2924 iberiae
965 2864 1059 2941 Calpe
1081 2873 1184 2924 notum
1206 2874 1262 2924 est.
1295 2863 1416 2924 Utrum·

333 2984 389 3042 que
423 2985 530 3026 nomeu
564 2976 651 3026 erunt
676 2966 806 3026 sortasse
831 2969 883 3044 qui
910 2967 1043 3026 Punicas
1072 2966 1253 3027 crediderint
1281 2968 1416 3044 originis.

335 3066 550 3129 Graeculorum
572 3069 650 3128 enim
672 3077 789 3128 tantum
810 3067 955 3141 doctrina,
978 3077 1012 3128 ut
1026 3069 1250 3128 Millsnboffius
1264 3069 1418 3147 perspexit

334 3169 476 3246 (deutsche
498 3171 768 3230 Altertlramelcunds
792 3171 807 3228 1
830 3190 860 3248 p.
883 3170 932 3230 83.
951 3171 1038 3248 144),
1059 3170 1257 3250 promontorii
1278 3171 1343 3230 eius
1364 3189 1417 3229 no-

334 3292 400 3332 men
422 3293 442 3332 a
461 3261 567 3334 κάλπις
589 3273 654 3334 sive
674 3263 769 3342 κάλπη
792 3273 947 3332 vocabulis
964 3271 1091 3334 Graecis
1109 3272 1243 3333 damnare
1259 3273 1365 3344 voluit,
1386 3273 1417 3331 id

292 3439 293 3444 1
334 3375 412 3452 quod
433 3375 561 3453 legimus
582 3376 614 3435 in
636 3376 746 3435 Avieni
768 3393 839 3434 orae
860 3377 958 3434 morit.
982 3394 1009 3434 v.
1026 3375 1098 3449 348,
1120 3376 1200 3452 apud
1217 3375 1327 3435 Melam
1343 3372 1372 3447 2,
1388 3375 1417 3447 6,

334 3478 372 3538 95
395 3486 425 3537 et
445 3479 476 3537 in
498 3479 622 3537 scholiis
645 3479 683 3536 ad
696 3479 870 3537 iuvenalem
888 3479 935 3550 14,
951 3476 1026 3550 279;
1048 3497 1118 3537 uam
1139 3497 1230 3554 rupes
1252 3478 1307 3536 illa
1327 3477 1419 3555 longa

334 3591 363 3640 et
381 3581 532 3658 utrimque
553 3599 698 3658 praeceps
719 3587 807 3658 atque
826 3576 926 3639 ‘cavus
948 3589 1086 3658 teresque
1108 3575 1222 3639 urceus'
1244 3581 1308 3638 sive
1327 3574 1418 3638 ‘orna’

334 3684 454 3742 omnino
475 3683 633 3742 dissimilia
654 3692 733 3754 sunt,
755 3690 788 3742 ut
809 3683 996 3742 testabuntur
1015 3682 1067 3760 qui
1083 3682 1221 3754 viderint,
1242 3701 1338 3759 neque
1354 3699 1417 3740 om·

335 3787 404 3845 nino
425 3785 675 3863 quemadmodum
697 3803 787 3862 rupes
809 3784 1035 3862 qualiscumque
1058 3779 1226 3863 comparari
1240 3784 1337 3861 possit
1350 3802 1417 3842 cum

335 3907 421 3947 urceo
443 3907 556 3948 ornare
578 3888 626 3946 vel
649 3894 747 3947 stante
769 3888 817 3947 vel
838 3889 954 3947 iacente
976 3887 1134 3965 perspicio.
1175 3887 1288 3946 Verum
1310 3904 1417 3946 nomen

336 3990 403 4050 inde
430 4008 517 4049 suum
544 3990 699 4050 derivasse
723 3989 865 4050 familiam
890 3989 1021 4067 aliquam
1043 3990 1190 4067 plebeiam
1212 3990 1327 4049 Romae
1348 3988 1418 4048 inde

336 4093 495 4152 asseculo
515 4092 578 4152 t‘ere
600 4093 739 4171 septimo,
761 4111 941 4171 quamquam
963 4093 1028 4151 lieri
1050 4092 1169 4168 quidem
1190 4092 1296 4169 potuit,
1319 4100 1418 4150 tauma

335 4195 489 4272 probabile
516 4213 575 4254 non
603 4202 679 4254 est.¹
703 4193 764 4256 Sed
788 4195 869 4256 idem
895 4205 923 4254 et
947 4195 1091 4254 suffixum
1118 4194 1208 4253 etiam
1233 4194 1264 4253 in
1285 4194 1418 4253 locorum

335 4297 505 4356 Italicorum
528 4298 697 4358 nominibus
718 4298 875 4375 reperitur,
898 4297 980 4356 relat
1002 4297 1033 4356 in
1052 4297 1198 4356 Arretium
1214 4295 1311 4356 Caieta
1326 4296 1420 4373 Nepet

336 4399 466 4460 Peucetia
486 4400 615 4460 Pometia
635 4401 763 4460 Soletum
786 4398 943 4477 Spoletium
966 4399 1088 4472 lisseio,
1115 4399 1147 4457 in
1168 4398 1326 4458 Bubetanie
1348 4399 1419 4458 Cae-

335 4507 440 4561 retanis
458 4501 629 4562 Cusuetanis
644 4502 738 4561 Plinii
752 4501 785 4578 (3
802 4502 819 4579 ξ
836 4502 889 4580 69)
911 4502 1041 4579 itemque
1058 4502 1229 4560 Tannetunie
1245 4499 1279 4578 (3
1299 4500 1317 4578 ξ
1334 4498 1420 4576 116),

337 4606 451 4664 etiamsi
483 4605 536 4663 illa
566 4605 694 4664 fortasse
720 4623 781 4664 non
808 4605 889 4664 omni
916 4623 955 4663 ex
981 4611 1066 4683 parte
1095 4613 1175 4664 recte
1203 4604 1312 4663 tradita
1339 4612 1420 4675 suut,

336 4707 405 4768 item
431 4709 461 4767 iu
487 4708 593 4768 t‘ormis
615 4707 827 4767 adiectirorum
850 4707 1003 4784 Aepetinas
1025 4707 1157 4766 Aletlnas
1179 4707 1338 4766 Alsietinus
1360 4705 1420 4788 Ar·

334 4814 444 4885 peticus
466 4809 621 4870 Neretinas
640 4809 800 4870 Veren'nue.
844 4806 1055 4887 comparanda
1081 4817 1149 4869 sunt
1170 4809 1317 4868 vocabula
1338 4807 1421 4866 velut

337 4912 464 4973 baustum
485 4913 625 4973 dumetum
647 4914 786 4972 lauretum
809 4922 933 4972 temetum
956 4912 1075 4972 similia.
1109 4910 1233 4970 Accedit
1254 4928 1420 4989 cognomen

338 5015 530 5094 magistratus
552 5015 708 5074 monetarii
731 5011 766 5075 G.
789 5015 915 5074 Mamilii
938 5013 1081 5073 Limetani
1103 5011 1152 5090 (O.
1168 5014 1193 5072 1.
1209 5012 1245 5073 L.
1262 5013 1278 5072 I
1294 5011 1380 5089 429),
1403 5031 1422 5069 a

339 5117 446 5191 limine,
474 5118 531 5178 dea
558 5117 744 5188 Limentanu,
774 5118 936 5178 limitaneus
965 5116 1113 5176 adiectivo
1143 5116 1272 5175 fortasse
1300 5114 1421 5174 omnino

1177 5219 1218 5277 δῦ
