3510 5820
162 1731 415 1847 oisiaci
452 1730 835 1847 ΑΝΟΟΝΙΤΑΝΙ
872 1725 1364 1844 INSORIPTIONVM

226 1917 669 2034 insimulavit
707 1914 987 2031 SYLLOGli
1024 1915 1093 2030 ΙΝ
1095 1912 1298 2028 EDITA.

97 2397 305 2542 Mazochii
327 2483 573 2560 epigrammatum
596 2481 656 2560 (cd.
672 2483 787 2543 Romae
802 2481 896 2557 1521)
919 2479 1056 2556 exemplo
1078 2478 1148 2538 olim
1171 2479 1202 2538 in
1218 2477 1250 2540 S.
1268 2477 1427 2558 Augustini

97 2586 260 2656 coenobio,
289 2604 367 2644 nunc
392 2586 424 2643 in
452 2587 656 2646 univcrsitatis
678 2584 860 2645 bibliotheca
881 2583 985 2660 (xlv,
1008 2579 1046 2655 Q.
1063 2581 1117 2657 20)
1138 2579 1252 2640 Paviae
1273 2590 1427 2641 asservato

97 2689 134 2746 in
159 2688 241 2746 calce
268 2687 444 2746 subiunctas
471 2696 541 2747 sunt
565 2688 682 2764 aliquot
701 2686 919 2765 inscriptiones
936 2701 1027 2743 manu
1049 2683 1193 2762 scriptae,
1220 2702 1344 2762 graecus
1366 2683 1427 2760 ple-

98 2807 223 2868 raeque,
246 2788 411 2849 Lesbiucae
433 2807 546 2849 omnes.
582 2789 742 2866 Indagavit
763 2788 841 2848 baud
863 2787 1024 2866 ignobilem
1046 2787 1123 2846 hanc
1144 2785 1282 2864 syllogen
1304 2787 1430 2846 circum-

100 2899 206 2968 spectu
228 2890 381 2952 Theodori
403 2891 572 2952 Mommsen
593 2891 748 2968 diligentia
768 2890 959 2968 eiusdemque
983 2889 1037 2948 viri
1058 2889 1169 2968 insigni
1191 2889 1334 2949 beneficio
1356 2889 1429 2947 mihi

98 2994 157 3051 hoc
184 2993 285 3052 datum
312 3001 371 3065 est,
398 3003 430 3052 ut
457 3001 609 3071 comperto
635 2995 723 3072 longe
750 2994 895 3070 plurimas
922 3009 988 3052 esse
1009 2992 1152 3064 ineditus,
1178 2991 1309 3068 reliquus
1331 2998 1429 3050 autem

99 3114 161 3153 nou
186 3096 249 3154 sine
270 3095 369 3155 fructu
392 3115 430 3155 ex
451 3116 530 3156 novo
552 3097 633 3156 fonte
653 3097 761 3156 iterum
783 3095 832 3156 edi
853 3113 956 3172 posse,
977 3113 1080 3155 omnes
1100 3103 1248 3171 quotquot
1267 3101 1368 3153 essent
1386 3094 1429 3152 in·

99 3197 282 3275 scriptiones
303 3197 420 3276 ederem
442 3199 598 3275 editasque
620 3199 800 3258 necessariis
823 3197 1075 3257 commentariolis
1098 3197 1285 3257 adornatam.

185 3299 284 3358 Ratae
306 3318 379 3359 sune
400 3319 471 3361 aves
494 3301 591 3360 adhuc
610 3300 694 3360 fuere
715 3300 796 3360 tituli
817 3299 917 3378 graeci
939 3319 978 3359 ex
1001 3299 1075 3360 solis
1097 3300 1183 3359 libris
1205 3299 1429 3375 manuscriptis

98 3401 217 3473 truditi3
241 3401 292 3460 sed
305 3401 485 3463 Mommseni
504 3403 676 3481 exemplum
691 3402 851 3462 latinarum
866 3403 1092 3481 inscriptionum
1109 3402 1197 3479 copia
1211 3393 1335 3461 mirifice
1349 3401 1431 3459 illinc

99 3514 191 3562 ancta
210 3505 368 3580 probatum
390 3506 657 3566 luculentissimam
681 3505 767 3564 nobis
790 3523 874 3581 spem
896 3505 1022 3583 aperuit,
1044 3504 1108 3564 iore
1130 3515 1162 3563 ut
1184 3504 1293 3564 eisdem
1309 3504 1429 3563 tandem

99 3605 275 3685 diligentius
296 3607 385 3666 aditis
406 3607 539 3668 fontibus
557 3609 646 3668 etiam
662 3626 836 3688 graecarum
852 3617 1006 3684 emergant
1019 3606 1100 3665 haud
1115 3607 1226 3684 exigua
1239 3606 1430 3665 incrementa.

100 3705 232 3784 cyriaco
246 3710 447 3783 anconitano,
466 3710 620 3770 indefesso
641 3718 898 3770 monumentorum
913 3709 1200 3786 inscriptionumqne
1213 3709 1430 3785 investigatum,

101 3811 169 3870 sive
183 3811 243 3888 ipsi
258 3812 320 3870 sive
335 3811 382 3870 his
396 3813 447 3887 qui
462 3813 526 3872 eius
541 3813 644 3894 copias
658 3813 690 3872 in
705 3831 792 3873 suum
807 3832 897 3873 usum
912 3818 1133 3884 converterunt,
1153 3811 1184 3870 in
1203 3809 1308 3888 primis
1324 3811 1432 3870 deben-

100 3923 150 3971 tur
171 3931 248 3990 quue
269 3930 377 3991 gruson
397 3933 436 3974 ex
459 3915 614 3974 codicibus
636 3935 715 3974 nova
735 3901 913 3975 redundant.
956 3913 997 3972 Et
1019 3911 1152 3990 Cyriuci,
1179 3913 1231 3989 qui
1253 3929 1331 3971 anno
1352 3912 1427 3971 1431

99 4034 142 4074 ex
169 4015 283 4076 oriente
307 4017 403 4077 redux
428 4035 569 4094 magnum
596 4017 750 4077 titulorum
776 4036 933 4078 numerum
959 4015 1127 4093 adportavit
1138 4015 1181 4092 l)‚
1210 4015 1289 4074 hanc
1314 4032 1432 4092 quoque

99 4137 192 4196 qnam
214 4119 348 4178 editurus
370 4137 436 4179 sum
458 4119 596 4197 syllogen
618 4135 686 4180 essa
707 4117 849 4178 iudicavit
862 4119 1038 4179 Mommsen.
1071 4117 1111 4176 Et
1126 4117 1283 4177 verissime
1302 4116 1432 4193 quidem.

98 4221 207 4300 Longe
228 4221 358 4298 plurimu
378 4240 450 4298 pars
472 4231 504 4281 ut
525 4221 588 4280 dixi
610 4221 765 4281 titulorum
786 4222 898 4282 inedita
918 4231 978 4293 est3
1001 4221 1115 4296 aliquot
1131 4229 1231 4280 tamen
1245 4220 1330 4279 novit
1343 4221 1433 4278 etiam

99 4322 227 4382 Boeckb
242 4331 389 4402 uatesque
403 4332 550 4382 noverunt
561 4321 673 4384 Gruter
687 4333 717 4384 et
726 4323 881 4398 Muratori,
896 4343 1023 4402 quorum
1039 4323 1091 4382 ille
1105 4321 1206 4382 codice
1220 4320 1360 4381 Palatino
1374 4321 1432 4382 156

100 4425 137 4500 (f.
153 4425 269 4504 llsq.),
290 4427 339 4485 bic
354 4425 473 4486 schedis
484 4425 692 4486 Vallicellunis
714 4445 732 4484 a
745 4425 808 4486 Ios.
823 4425 1000 4486 Biunchinio
1018 4425 1120 4485 missis
1144 4424 1235 4501 (nunc
1249 4424 1315 4485 cod.
1326 4424 1433 4483 Vallic.

101 4525 132 4586 G
147 4527 187 4586 47
209 4527 231 4587 f.
247 4527 286 4586 43
297 4528 377 4605 sqq.)
400 4545 472 4587 usus
494 4538 548 4587 est.
584 4528 621 4587 In
635 4527 775 4588 Palatino
797 4529 874 4588 libro
896 4546 952 4587 sex
972 4536 1043 4588 sunt
1063 4528 1163 4606 graeci
1184 4526 1274 4599 tituli,
1295 4525 1434 4586 Lesbiaci

100 4647 206 4690 omnm
229 4627 320 4704 (0.1.
337 4629 375 4689 G.
392 4629 483 4688 2171.
500 4629 592 4691 2113.
608 4628 698 4688 2190.
715 4629 806 4688 2211.
824 4629 915 4689 2194.
932 4629 1028 4707 2172)
1050 4647 1215 4707 omnesque
1235 4637 1355 4706 praeter
1372 4628 1434 4705 pri·

7 4713 9 4756 ⁵
100 4751 184 4791 mum
205 4732 238 4791 in
251 4731 386 4790 Pariana
408 4732 524 4810 sylloge
544 4730 677 4792 redeunt.
711 4731 870 4793 Praecedit
883 4751 923 4790 ex
938 4731 1030 4791 variis
1047 4732 1242 4810 scriptoribus
1257 4732 1434 4810 depromptu

100 4834 137 4892 dc
151 4833 256 4894 Lesbo
274 4833 376 4892 insula
390 4834 544 4894 adnotatio
559 4833 768 4914 geographica,
791 4842 823 4893 ut
838 4843 919 4894 certo
935 4834 1061 4894 consilio
1078 4835 1204 4894 solidam
1218 4833 1433 4896 Lesbiacornm

178 5095 203 5158 ¹)
231 5094 389 5145 videritne
409 5094 512 5160 (tyriaci
524 5097 749 5150 Scalamontianuu
768 5112 794 5162 p.
808 5097 995 5163 Lxxxnsq„
1015 5098 1077 5148 item
1096 5097 1252 5149 Mommseni
1271 5105 1434 5163 conspectum

21 5226 24 5235 ,
98 5189 224 5240 itinerum
245 5186 350 5252 Cyriaci
368 5202 511 5255 eorumque.
526 5205 591 5256 quae
610 5200 644 5241 ex
663 5189 855 5240 commentariis
874 5191 929 5241 eius
948 5196 1085 5256 supersunt
1104 5188 1134 5240 C.
1153 5190 1176 5240 1.
1192 5191 1222 5241 L.
1242 5191 1284 5242 111
1302 5207 1327 5256 p.
1343 5191 1434 5242 XXII.

23 5252 207 5334 tum·

1191 5373 1206 5430 1
