3540 5828
530 549 687 612 Qvnns'u
709 549 926 601 anennual„
948 551 971 598 1.
1367 529 1413 597 85

170 721 408 783 Grammaticam
430 725 520 802 igitur
542 723 748 782 formationem
771 725 796 782 si
818 723 995 799 respicimus
1018 723 1169 781 nominum
1192 724 1266 781 haec
1284 724 1414 782 omnium

79 843 140 883 usu
172 834 289 884 tantum
315 828 343 884 in
367 809 556 904 tria'genera
578 827 783 884 distinctorum
806 833 930 902 apparet
952 845 990 884 ex
1011 825 1186 902 oppidorum
1210 835 1347 885 notorum
1370 846 1415 884 re·

76 928 244 1003 gionumve
271 929 439 988 nominibus
464 949 501 988 ea
528 930 663 988 derivata
684 947 760 986 esse.
806 929 855 986 Ad
876 929 990 1004 primae
1013 928 1220 986 declinationis
1243 930 1413 1006 exemplum

76 1031 108 1087 in
140 1051 161 1088 a
189 1031 320 1088 formata
347 1040 416 1090 sunt
441 1033 564 1090 nomina
590 1032 724 1090 locorum
750 1031 814 1090 eius
841 1032 960 1108 generis
986 1031 1074 1107 longe
1102 1030 1243 1106 plurima;
1278 1030 1415 1090 videlicet

74 1132 289 1209 undetriginta
303 1134 391 1194 haec:
1066 1169 1090 1218 ⁸

494 1255 599 1314 Abella
853 1255 966 1331 Mesala

494 1359 600 1432 Aesala
853 1353 999 1432 ’Mayllla

494 1459 573 1535 Afila
852 1458 932 1516 Nola

494 1562 599 1636 Africa
851 1561 954 1618 Norba

438 1685 450 1721 s
495 1665 571 1721 nlla
785 1680 811 1720 aa
853 1663 939 1720 Noua

494 1767 626 1842 Anqusta
854 1767 947 1823 Rama

493 1869 571 1926 Bola
636 1917 640 1926 ,
856 1867 932 1926 Sora

492 1972 598 2029 Briaia
855 1971 952 2028 Suasa

493 2073 579 2131 Buca
854 2072 974 2147 Tempsa

424 2195 449 2233 ιο
495 2175 592 2235 Caieta
783 2193 808 2232 es
853 2175 932 2232 Ytsta

495 2278 570 2337 Cora
825 2275 827 2286 '
854 2277 944 2334 Treba

495 2380 570 2438 Casa
853 2379 975 2437 Trebula

491 2483 591 2540 Dacia
858 2481 950 2540 Varia

493 2584 610 2641 Hadria
860 2583 974 2642 Vitellia

427 2707 451 2744 rs
496 2685 579 2744 Luca

44 2887 128 2947 Nisi
164 2883 258 2942 forte
288 2877 424 2938 Lucanus
452 2891 485 2939 ut
511 2880 625 2956 reliqua
651 2879 714 2937 eiua
745 2879 862 2955 generis
891 2876 1022 2952 regionis
1051 2875 1202 2934 Lucaniae
1232 2876 1408 2935 adiectivum

43 3009 126 3049 esse
153 2981 340 3064 putandum
363 2989 417 3041 est.

144 3092 208 3152 Ad
241 3090 302 3145 hoc
328 3087 479 3144 nominum
508 3102 602 3160 genus
629 3084 765 3161 proxime
788 3083 933 3142 accedunt
955 3081 1062 3158 plurali
1086 3089 1199 3139 tantum
1221 3081 1318 3139 forma
1340 3091 1410 3140 nota

43 3204 130 3260 haec
158 3201 309 3269 septem:

491 3311 617 3368 Acerrae
795 3325 807 3364 s
849 3305 993 3363 Faesulae

493 3411 588 3469 Baiae
852 3408 998 3483 Freqellaa

494 3512 626 3570 Bouillae
857 3509 978 3567 Verulae

494 3615 597 3674 Cumae
700 3627 705 3638 ’

43 3825 80 3882 ln
113 3841 133 3878 o
166 3831 257 3874 vero
289 3809 329 3868 ad
356 3809 487 3867 neutrius
514 3809 631 3885 generis
655 3807 868 3866 vocabulorum
897 3804 1043 3863 secundae
1071 3803 1280 3862 declinationis
1308 3822 1409 3861 exem.

42 3928 137 4003 plum
165 3919 320 3978 formata
340 3919 410 3970 sunt
430 3911 595 3986 quindecim
618 3911 706 3968 haee:

492 4103 649 4160 Aeclanum
852 4097 1018 4156 ilementum

492 4205 621 4279 Aequum
785 4220 810 4258 ra
853 4200 960 4258 Pedum

493 4305 620 4382 Apulum
854 4304 988 4360 Paestum

493 4409 680 4466 Beneuentum
854 4405 996 4464 Satricum

440 4501 455 4568 a
493 4511 655 4568 Bouianum
855 4508 952 4566 Solum

494 4613 662 4672 Carventum
858 4609 1009 4667 Tusculum

494 4715 621 4772 firmum
787 4731 811 4770 ts
864 4713 1012 4786 Venafrum

494 4817 632 4875 Labicum

46 5039 234 5101 Accedunt
261 5027 429 5088 masculina
450 5026 580 5086 eiusdem
602 5025 789 5085 formationis
811 5025 900 5082 haec:

369 5219 468 5296 Equus
492 5219 607 5278 Tuticus
762 5214 877 5274 Gaurus
1032 5215 1130 5273 Padus
