3540 5828
577 500 651 550 anx
669 499 751 550 oon.
772 499 1001 551 eanunrvnn.
1229 493 1233 500 ’
1384 481 1453 550 127

122 681 225 732 antem
247 691 340 749 supra
361 672 485 732 multam
506 673 631 749 pignera
652 673 785 746 verbera,
806 683 880 752 puts
902 673 1008 750 eapitis
1031 673 1080 732 rel
1102 673 1318 750 ignominiosae
1340 675 1457 734 missio-

122 777 175 836 nis
200 775 248 836 ius
276 777 304 836 ei
329 795 390 836 non
416 782 472 834 est.
516 775 600 834 Haec
625 776 798 834 constitutio
821 786 920 836 utrum
942 776 980 835 ad
1003 777 1158 835 universas
1180 776 1245 835 eius
1266 777 1374 836 aetatis
1396 779 1457 837 Ro-

122 897 231 938 manae
257 878 369 946 formae
395 896 444 937 res
471 879 607 954 publicas
633 878 801 955 perueniat,
828 897 868 938 en
894 889 1016 957 propter
1043 878 1246 938 condicionem
1275 878 1457 956 peculiarem

120 981 232 1058 'oppidi
254 981 365 1040 conditi
386 980 417 1038 in
439 981 539 1040 media
552 980 700 1056 Hispania
720 981 862 1040 ulteriore
883 981 1039 1057 provincia
1060 1000 1166 1058 parum
1181 981 1334 1040 etiamtum
1352 990 1458 1059 pacata

122 1093 246 1161 recepta
268 1083 317 1156 sit,
339 1083 531 1142 determinari
553 1100 612 1141 non
633 1091 747 1160 potsst;
770 1083 823 1141 sed
838 1084 893 1142 etsi
908 1085 966 1142 hoc
980 1083 1144 1161 praeferas,
1167 1093 1245 1144 certe
1260 1103 1338 1161 quae
1353 1085 1457 1144 eodem

121 1186 193 1244 loco
219 1195 321 1246 essent
346 1184 480 1245 colonias
507 1185 729 1262 municipiaque
754 1185 975 1264 prouinciarum
1001 1187 1232 1266 longinquarum
1254 1205 1289 1245 so
1311 1186 1375 1246 iure
1396 1205 1455 1246 nou

121 1289 221 1366 magis
242 1288 376 1348 caruisse
397 1295 629 1347 consentaneum
651 1294 707 1347 est.

207 1390 307 1450 Etiam
332 1391 369 1450 de
391 1391 554 1450 munitione
575 1409 652 1467 quae
674 1399 817 1448 caventur
839 1409 863 1449 o.
879 1387 1019 1450 XCVIII
1041 1391 1094 1468 (3,
1115 1389 1268 1467 23-36)
1289 1402 1350 1450 tam
1373 1394 1455 1452 novi·
1473 1405 1587 1458 Munitis

122 1503 185 1552 tate
207 1511 263 1554 sua
283 1511 372 1570 quam
394 1493 546 1570 primitiva
560 1501 709 1552 vetustate
731 1495 985 1552 commendantur.
1023 1492 1125 1570 Opera
1142 1493 1261 1571 publica
1275 1513 1341 1552 cum
1356 1503 1455 1571 poste-

120 1597 203 1654 riore
229 1604 363 1672 tempore
390 1595 602 1673 perficerentur
628 1596 691 1656 iere
713 1615 766 1673 per
788 1595 1007 1671 redemptores,
1035 1596 1246 1672 antiquissima
1271 1598 1455 1658 consuetudo

120 1698 296 1777 quaeipsis
318 1698 401 1758 urbis
421 1698 579 1758 moenibus
600 1717 708 1758 nomen
731 1698 821 1769 dedit,
844 1715 1003 1774 operarum
1026 1706 1086 1757 tam
1108 1699 1261 1758 hominum
1283 1717 1373 1776 quam
1391 1701 1454 1760 uui-

119 1800 245 1859 malium
273 1801 312 1858 ab
337 1801 413 1877 ipsis
441 1801 554 1860 civibus
581 1795 793 1878 exigendarum
817 1802 858 1858 ita
879 1799 1052 1859 oblitterata
1073 1809 1132 1872 est,
1161 1808 1193 1859 ut
1214 1800 1294 1878 apud
1317 1812 1454 1862 auctores

119 1920 200 1978 qnos
222 1904 366 1963 habemus
389 1902 482 1962 exilia
502 1911 616 1962 tantum
638 1904 702 1962 eius
724 1903 852 1981 vestigia
873 1902 1142 1978 deprehendantur,
1163 1903 1295 1961 maxime
1318 1904 1368 1963 ubi
1391 1906 1455 1982 agi·

120 2015 171 2064 tur
196 2005 233 2064 de
255 2006 306 2064 ria
329 2002 541 2082 munienda¹).
586 2004 753 2066 Secundum
776 2006 853 2064 hanc
875 2004 971 2082 legem
992 2022 1042 2064 res
1063 2005 1107 2062 ita
1127 2006 1291 2078 ordinatur,
1314 2016 1346 2066 ut
1367 2008 1453 2066 decu·

118 2107 239 2167 rionum
261 2108 302 2166 sit
323 2108 482 2168 decernere
502 2109 540 2166 de
561 2108 735 2180 muniendo;
764 2108 807 2166 ita
828 2108 906 2166 enim
928 2107 979 2165 lex
1002 2107 1133 2184 loquitur
1154 2115 1272 2166 vetusto
1294 2126 1392 2181 more,
1421 2116 1455 2168 ut

117 2212 221 2288 ipsum
248 2229 324 2286 opus
351 2229 388 2268 ne
417 2211 565 2284 enuntiet,
592 2211 685 2270 immo
712 2210 927 2287 complectatur
952 2227 1155 2286 quascumque
1181 2227 1289 2288 operas
1309 2211 1453 2272 ¹homines

117 2313 354 2389 qualescumque
380 2313 559 2372 animalisve
585 2313 682 2372 iacere
708 2313 841 2391 possint,
869 2311 933 2372 sire
960 2312 996 2370 de
1018 2311 1067 2371 vie
1088 2312 1249 2372 sternenda
1270 2313 1369 2392 agitur
1389 2315 1454 2374 sire

117 2415 159 2474 de
182 2414 338 2473 moenibus
360 2414 504 2474 faciendis
524 2415 587 2474 sive
609 2415 646 2474 de
667 2415 802 2476 aedificio
824 2415 927 2493 aliquo
942 2414 1118 2474 extruendo.
1155 2414 1331 2474 Indicuutur
1344 2434 1454 2494 operae

115 2517 311 2594 patrimoniis
339 2517 377 2575 ad
399 2517 570 2593 exemplum
593 2537 748 2577 munerum
770 2535 887 2588 eorum,
915 2536 1006 2592 quae,
1034 2527 1068 2576 nt
1089 2517 1130 2577 ait
1151 2517 1227 2576 iuris
1248 2515 1406 2596 euomr2),
1429 2531 1472 2604 et

115 2622 151 2678 iri
177 2623 228 2697 qai
253 2637 343 2696 nsque
367 2623 521 2696 municipes
548 2639 637 2697 neque
662 2621 773 2679 incolas
798 2630 864 2679 sunt
884 2620 1056 2696 odpnoscere
1077 2629 1229 2697 coquntur:
1258 2621 1371 2680 scilicet
1392 2629 1452 2680 tam

114 2724 203 2782 cives
229 2731 260 2781 et
284 2722 417 2793 incolae,
443 2723 501 2781 etsi
522 2739 716 2800 possessores
737 2741 798 2780 non
821 2730 904 2793 suut,
931 2740 1020 2798 quam
1044 2740 1250 2799 possessores,
1277 2724 1333 2782 etsi
1357 2743 1454 2804 neque

113 2824 202 2884 eires
227 2830 296 2883 suut
320 2843 416 2900 neque
442 2824 573 2900 incolae,
602 2825 639 2884 ad
666 2825 858 2884 munitionem
882 2824 1109 2902 compelluntur.
1152 2823 1316 2902 Negotium
1336 2826 1453 2885 iniunc-

115 2937 185 2986 tum
207 2925 318 3003 duplex
339 2935 399 2985 esti
426 2927 604 3004 quioumque
624 2928 756 2987 iumenta
778 2928 961 3004 plaustraria
982 2926 1086 3000 habet,
1109 2927 1140 2984 in
1161 2928 1233 3004 iuga
1254 2928 1374 3005 singula
1394 2937 1452 2988 ter·

116 3047 177 3088 nas
205 3047 258 3104 per
285 3047 395 3102 annum
423 3047 531 3105 operas
558 3039 711 3107 praestare
738 3030 867 3107 cogitur3
895 3028 1076 3105 quicumque
1098 3048 1188 3089 manu
1210 3048 1332 3106 operam
1354 3031 1453 3090 facere

115 3139 270 3209 potestat
290 3149 384 3190 annos
405 3139 494 3190 natus
515 3139 562 3191 est
582 3132 652 3207 plus
668 3131 775 3203 XIIII,
796 3132 895 3190 minus
910 3129 969 3189 Lx
991 3132 1081 3207 quive
1103 3149 1207 3191 servos
1229 3132 1318 3192 habet
1339 3134 1366 3192 ei
1381 3152 1452 3211 ope·

114 3252 174 3296 ras
194 3251 281 3310 pares
303 3232 495 3311 eiusdemque
516 3233 671 3311 aetatis³),
693 3235 725 3294 iu
746 3233 882 3312 singulos
904 3232 1040 3292 homines
1063 3234 1170 3311 quinas
1191 3253 1367 3310 perannum
1383 3253 1452 3313 ope·

114 3354 171 3398 ras
193 3345 353 3412 praestare.
389 3336 437 3394 Ad
459 3335 535 3396 hanc
555 3327 650 3414 legem
672 3356 748 3414 quae
769 3336 907 3414 proxime
930 3335 1061 3407 accedat,
1083 3337 1255 3396 constitutio
1278 3345 1326 3396 est
1346 3356 1372 3396 a.
1390 3338 1449 3397 417

115 3436 213 3515 (cod.
228 3437 286 3497 Th.
305 3439 359 3511 15,
375 3439 403 3510 3,
420 3437 438 3497 5
455 3462 492 3488 =
510 3435 544 3497 C.
560 3439 634 3498 Iust.
652 3440 700 3511 10,
716 3437 765 3510 25,
783 3437 815 3516 2)
837 3439 924 3498 haec:
944 3457 998 3514 per
1011 3439 1179 3514 Bithyniam
1201 3445 1362 3516 ceterasque
1379 3460 1451 3517 pro·

114 3543 231 3600 aindas
253 3559 432 3617 possessores
454 3550 480 3599 et
500 3545 678 3618 reparationi
697 3542 807 3618 publici
828 3544 943 3618 apperte
965 3552 991 3600 et
1011 3545 1110 3600 ceteris
1131 3543 1269 3600 eiusmodi
1289 3543 1450 3602 muneribus

110 3661 173 3720 pro
196 3646 326 3718 iaporurn
346 3661 460 3702 numero
482 3643 528 3702 uel
548 3647 682 3720 capitam,
704 3663 778 3721 quae
789 3644 938 3720 possidere
952 3652 1115 3716 noscantur,
1139 3644 1284 3720 adstrinpi
1298 3655 1450 3720 conantum

114 3745 171 3804 nbi
197 3745 268 3822 iuga
293 3744 329 3803 ad
357 3745 500 3804 animalia
525 3754 660 3821 spectare
682 3747 833 3818 videntur,
860 3745 959 3821 capita
984 3745 1023 3804 ad
1045 3762 1159 3803 servos.
1203 3745 1336 3818 Finitum
1358 3747 1451 3807 fuisse
1476 3747 1478 3752 ’
1579 3820 1582 3828 ¹

116 3847 266 3906 eiusmodi
287 3865 444 3924 operarum
466 3866 623 3907 numerum
644 3868 698 3926 per
719 3849 853 3926 singulos
876 3865 971 3906 annos
993 3847 1205 3924 exigendarum
1229 3867 1307 3907 nunc
1322 3849 1450 3927 primum

115 3950 261 4009 certiores
285 3949 354 4008 facti
382 3967 493 4010 sumus.
537 3950 656 4009 Aetatis
678 3951 795 4026 termini
818 3971 884 4010 cum
907 3971 960 4028 per
981 3969 1013 4008 se
1036 3950 1185 4009 notissimi
1207 3951 1281 4021 sint,
1309 3951 1346 4010 de
1370 3970 1449 4012 anno

115 4051 212 4111 XlIII
232 4052 398 4130 pubertatis
419 4053 505 4112 initio
527 4052 659 4130 legitimo
682 4054 812 4113 omnium
834 4072 910 4130 quae
932 4054 1075 4112 habemus
1098 4052 1332 4113 testimoniorum
1348 4054 1405 4114 hoo
1420 4055 1450 4113 ni

197 4415 221 4479 ¹)
249 4417 340 4469 Cicero
364 4433 413 4483 pro
431 4419 541 4470 Fonteio
563 4420 578 4468 8
597 4416 637 4483 [4]
649 4473 652 4484 Ι
664 4425 767 4470 enarrat
785 4419 842 4469 viee
861 4418 995 4469 Domitiae
1019 4419 1189 4469 munitionem
1208 4419 1303 4469 iactam
1322 4421 1392 4470 iussn
1412 4421 1451 4470 Μ.

113 4511 223 4563 Fonteii
241 4511 403 4575 proconsulis
423 4483 537 4563 Gillium
557 4511 640 4562 coacti
658 4517 715 4561 sant
733 4512 828 4562 munire
847 4527 929 4562 amires
948 4518 972 4561 ct
989 4511 1118 4561 multorum
1137 4527 1215 4578 opera
1233 4509 1376 4578 improbata
1394 4518 1452 4562 sant

114 4611 145 4654 et
168 4618 235 4668 quae
260 4609 409 4668 sequnntur.
448 4603 550 4656 Siculus
570 4603 682 4655 Flaccus
698 4621 723 4670 p.
740 4605 791 4655 146
817 4611 953 4670 postquam
978 4605 1045 4653 dixit
1069 4604 1102 4653 de
1120 4605 1175 4654 riis
1192 4604 1301 4669 publicis
1320 4619 1386 4669 quas
1405 4619 1453 4669 per

113 4696 296 4760 redemptores
315 4695 488 4758 munirentur,
507 4695 637 4757 vicinales,
658 4697 750 4762 inquit,
772 4697 847 4747 aliter
865 4695 1009 4746 muniantur
1023 4711 1073 4763 per
1087 4712 1186 4762 payns,
1207 4695 1235 4745 id
1253 4704 1290 4747 est
1303 4713 1353 4764 per
1370 4699 1450 4763 mapi-

113 4794 187 4838 stros
200 4803 339 4855 paporum,
365 4789 409 4854 qai
427 4803 519 4856 operas
537 4805 554 4837 a
569 4787 757 4856 possessoribus
776 4788 812 4838 ad
827 4805 872 4840 eus
889 4787 1000 4838 tuendas
1014 4789 1113 4855 eripere
1132 4788 1203 4838 soliti
1220 4796 1283 4838 sant.
1323 4789 1364 4840 Ci.
1385 4789 1450 4840 Ceto
1488 4801 1490 4810 ³

113 4881 151 4929 ue
170 4897 193 4930 r.
213 4897 235 4930 r.
256 4883 281 4942 a,
296 4882 321 4931 4.
361 4881 426 4931 coa.
440 4881 541 4932 uncos
558 4867 600 4944 is,
616 4879 640 4931 o.
679 4881 758 4932 nunu
777 4879 854 4931 sisar.
872 4878 941 4946 vers.
963 4884 987 4942 1,
1002 4882 1046 4931 ss.

196 4987 221 5050 ²)
250 4990 312 5055 mg.
327 4991 371 5052 ao,
385 4992 411 5053 4,
428 4994 470 5054 rs,
487 4993 530 5042 na.
572 4981 576 4996 '

196 5097 221 5162 ³)
248 5101 316 5152 Nam
338 5101 416 5152 rerba
439 5101 466 5152 in
490 5099 600 5152 tornines
625 5102 738 5168 nequior
756 5101 865 5172 puberes
888 5103 1008 5154 ridentur
1032 5101 1167 5167 complecti
1187 5108 1239 5152 tem
1258 5101 1354 5166 liberos
1373 5117 1450 5168 quam

112 5209 216 5246 seruos.
