3540 5828
770 1873 1228 2018 murcianum

648 2150 724 2231 ΑΙ)
752 2149 961 2234 INDICES
990 2083 1278 2234 VOLVMINIS
1307 2152 1336 2234 Ι.

917 2437 1070 2446 “—

331 2787 425 2893 Cum
447 2839 516 2894 ante
531 2835 586 2892 hos
609 2833 711 2893 decem
734 2851 829 2894 annos
844 2833 958 2893 indices
971 2833 1132 2893 voluminis
1155 2833 1244 2911 primi
1260 2833 1461 2905 conficiebam,
1483 2851 1561 2909 opus
1584 2853 1664 2894 sane

331 2936 427 3013 magis
449 2936 634 2995 laboriosnm
662 2955 750 3013 quam
772 2937 890 2995 doctum
912 2937 1100 3013 primumque
1121 2931 1186 2994 eius
1206 2936 1332 3013 generis,
1361 2937 1393 2994 in
1421 2955 1480 3012 quo
1501 2938 1664 3010 versabar,

331 3041 432 3098 statim
453 3047 521 3116 post
542 3039 679 3115 plagulas
700 3040 865 3116 impressas
880 3037 1024 3115 quaedam
1046 3038 1165 3116 repperi
1179 3053 1256 3116 quae
1277 3039 1413 3097 adderem
1429 3041 1664 3115 corrigeremve3

330 3160 367 3200 ea
387 3141 542 3217 composui
568 3143 673 3202 ultima
699 3135 966 3218 indicum'pagins
988 3140 1087 3217 (646).
1130 3139 1202 3199 Alia
1221 3141 1330 3200 menda
1356 3149 1463 3217 postea
1484 3143 1662 3215 observavi3

330 3243 467 3322 inprimis
495 3252 594 3302 autem
614 3243 705 3304 index
726 3243 938 3320 grammaticus
959 3244 1020 3300 iam
1041 3253 1105 3302 tum
1125 3262 1186 3302 non
1207 3243 1353 3304 satisfecit
1374 3244 1557 3320 sensimque,
1587 3244 1664 3304 dum

329 3348 438 3405 iterum
460 3347 639 3422 tertiumque
671 3366 707 3405 eo
729 3345 918 3424 potissimum
956 3353 1023 3403 utor
1044 3346 1075 3403 in
1097 3346 1210 3405 scholis
1231 3347 1445 3424 grammaticis,
1481 3364 1540 3405 non
1563 3365 1664 3422 parva

330 3449 532 3508 addendoram
544 3448 755 3507 demendorum
766 3449 974 3506 mutandorum
985 3437 1132 3507 succrevit
1143 3449 1260 3507 messis.
1284 3445 1406 3510 Scilicet
1421 3467 1487 3507 cum
1500 3467 1516 3507 e
1527 3450 1663 3510 colloca-

330 3553 421 3610 tionis
435 3553 511 3628 lege,
528 3570 615 3628 quam
631 3551 704 3610 mihi
723 3552 789 3622 feei,
803 3551 959 3628 complura
973 3551 1107 3627 pluribus
1122 3549 1262 3627 ponenda
1283 3560 1368 3609 erant
1390 3550 1472 3624 locis,
1494 3552 1605 3611 accidit
1629 3565 1665 3612 ut

331 3673 406 3730 quos
432 3655 464 3713 in
483 3652 584 3712 indice
604 3653 784 3731 perficiendo
807 3653 930 3712 adhibui
952 3672 1061 3731 operae
1083 3660 1135 3711 aut
1157 3653 1290 3712 delerent
1316 3653 1465 3712 interdum
1487 3653 1663 3730 schedulas,

331 3775 408 3832 quae
428 3758 536 3816 iterum
558 3764 643 3816 erant
670 3757 868 3828 adhibendae,
905 3765 957 3813 aut
985 3755 1087 3832 pravis
1108 3756 1181 3813 locis
1209 3756 1404 3828 collocarent3
1437 3774 1572 3831 quaeque
1594 3757 1665 3818 eius

329 3863 447 3936 generis
472 3869 541 3918 sunt
562 3859 636 3917 vitia
659 3859 778 3917 similia.
822 3858 889 3918 Hoc
912 3877 971 3917 non
993 3859 1059 3916 dico
1084 3865 1115 3916 ut
1136 3877 1183 3915 me
1204 3876 1344 3917 excusem
1368 3859 1450 3933 (nam
1472 3878 1571 3916 meum
1594 3871 1665 3920 erat

330 3971 409 4020 certe
431 3979 537 4022 curare
562 3972 594 4022 ut
621 3961 694 4020 talia
715 3980 872 4037 operarum
900 3962 976 4020 vitia
1002 3960 1196 4036 vitarentur),
1224 3962 1278 4020 sed
1308 3971 1341 4017 ut
1362 3961 1458 4018 sciant
1483 3960 1534 4036 qui
1561 3961 1665 4026 indice

330 4073 452 4122 utuntur
479 4083 539 4124 non
574 4065 674 4123 omnia
705 4083 780 4139 quae
806 4073 857 4121 aut
882 4065 995 4122 omissa
1023 4072 1093 4121 sunt
1124 4063 1285 4122 aut'aliter
1317 4071 1406 4138 atque
1433 4065 1665 4140 expectaverint

331 4167 477 4225 collocata
507 4167 643 4226 consulto
671 4167 785 4225 omissa
818 4184 884 4225 esse
906 4166 1100 4237 collocatuve,
1128 4167 1180 4226 sed
1206 4167 1302 4224 errori
1325 4166 1468 4242 quaedam
1491 4166 1664 4227 tribuenda.

332 4269 457 4327 Accedit
477 4269 557 4345 quod
579 4269 668 4346 paulo
690 4281 759 4354 post
780 4287 856 4344 opus
880 4269 990 4327 editum
1012 4269 1102 4328 homo
1125 4267 1236 4344 aliquis
1251 4269 1441 4326 doctissimus
1463 4276 1493 4325 et
1513 4287 1666 4344 perquam

331 4382 487 4430 accuratus
514 4380 614 4448 partes
641 4351 755 4447 aliquot
783 4371 890 4430 indicis
919 4371 1104 4450 grammatici
1132 4389 1250 4430 summa
1275 4389 1342 4430 cum
1368 4369 1522 4446 diligentia
1543 4363 1665 4450 exaur-

331 4474 415 4531 navit
436 4491 635 4548 numerosque
657 4492 776 4546 omnes,
802 4492 878 4550 quos
906 4475 971 4549 ipse
1000 4474 1059 4532 sibi
1079 4475 1158 4532 inter
1186 4473 1343 4549 legendum
1366 4477 1549 4544 scotaverat,
1580 4485 1665 4570 conq-

331 4576 457 4651 paravit.
502 4576 534 4634 ls
549 4593 754 4653 quaecumque
764 4587 868 4640 ,errata
882 4575 996 4635 invenit
1010 4587 1072 4634 tum
1085 4593 1199 4633 mecum
1214 4573 1445 4634 communicavit
1458 4565 1665 4635 intercedente

331 4677 429 4736 amico
455 4677 601 4753 quodam;
628 4695 736 4736 nomen
763 4687 861 4736 autem
889 4695 977 4736 saum
1003 4679 1035 4734 in
1061 4679 1213 4756 publicum
1241 4677 1368 4754 proferri
1397 4676 1501 4735 noluit.
1549 4675 1665 4752 Itaque

331 4798 501 4855 quanquam
533 4781 564 4839 in
593 4779 761 4840 universum
793 4782 843 4857 qui
870 4782 900 4840 in
923 4793 985 4839 arte
1006 4782 1201 4856 grammatica
1221 4783 1359 4856 occupati
1385 4795 1509 4853 corpore
1530 4777 1663 4854 inserip-

332 4882 444 4940 tionum
469 4890 592 4941 utuntur
614 4901 668 4942 suo
690 4885 754 4942 iure
769 4883 871 4942 titulos
887 4885 970 4960 ipsos
986 4884 1087 4958 potius
1110 4901 1199 4958 quam
1214 4881 1327 4940 indices
1343 4881 1537 4952 adhibebunt,

332 4985 486 5060 religionis
509 4986 581 5044 mihi
603 4985 700 5044 visum
722 4995 778 5058 est,
800 4994 833 5044 ut
855 5005 932 5062 quae
955 4968 1137 5063 peccaverim
1160 4984 1285 5043 candide
1307 4983 1452 5042 confitear
1473 4981 1665 5060 efficiamque

331 5105 368 5142 ne
390 5086 541 5144 latitarent
562 5087 683 5146 omnino
705 5107 792 5165 quae*
807 5089 896 5148 etiam
918 5089 1003 5148 illam
1024 5087 1187 5148 voluminis
1215 5087 1304 5164 primi
1330 5093 1447 5163 partem
1469 5083 1572 5161 paullo
1594 5103 1665 5160 per·

331 5185 485 5247 tectiorem
507 5189 714 5266 utilioremque
736 5191 859 5250 reddere
881 5197 1014 5267 possent
