3540 5828
420 539 422 543 ·
464 526 766 580 oasanvnrrouas
792 527 1069 578 amenseurcnn
1087 527 1180 578 xvrr.
1406 507 1478 578 263

150 705 196 764 sio
218 723 238 761 a
260 702 424 763 victoribus
445 701 630 778 impetravit,
660 713 693 760 ut
713 701 798 760 fratri
824 708 997 776 parceretur
1007 699 1045 776 ¹).
1091 698 1227 778 Sapaeos
1249 701 1339 760 hosce
1361 701 1481 777 regulos

149 806 270 866 omnino
297 804 416 864 differre
443 823 462 862 a
482 803 630 863 Thraciae
657 804 776 880 regibus
809 803 862 879 qui
888 803 1025 868 dicuntur
1058 821 1125 861 cum
1155 803 1223 861 inde
1250 811 1375 880 apparet
1401 804 1482 880 quod

148 909 180 967 in
200 907 281 968 bello
303 909 380 968 inter
395 905 555 968 Caesarem
572 915 602 966 et
616 905 794 982 Pompeium
817 915 953 966 accurate
976 906 1211 983 distinguuntur,
1233 915 1296 965 tum
1318 926 1357 965 ex
1378 925 1481 966 narra·

149 1011 229 1070 tione
249 1029 350 1069 rerum
365 1008 578 1069 Thracicarum
601 1016 670 1067 ante
691 1007 840 1086 proelium
861 1007 1072 1085 Philippense3
1087 1027 1168 1074 „nam
1191 1028 1258 1067 cum
1279 1028 1332 1087 per
1353 1009 1384 1067 id
1406 1017 1480 1069 tern-

148 1132 206 1190 pus
237 1132 292 1172 rex
321 1111 471 1172 Thraciae
497 1112 596 1171 infans
625 1108 731 1188 Cyzici
756 1109 891 1186 degeret,
933 1108 1069 1188 Sapaeos
1094 1111 1216 1188 regulos
1254 1112 1281 1170 ei
1307 1112 1479 1171 interfuisse

148 1215 237 1275 modo
261 1215 398 1274 vidimus.
421 1246 462 1256 -
483 1213 560 1273 Post
581 1213 695 1289 aliquot
716 1230 812 1271 annos
840 1213 871 1270 in
893 1213 1026 1272 exercitu
1047 1214 1171 1272 Antonii
1193 1224 1298 1272 contra
1319 1212 1479 1274 Caesarem

148 1338 202 1377 rex
223 1317 345 1394 quidam
361 1315 511 1376 Thraciae
532 1316 598 1386 fuit,
621 1333 709 1392 quern
723 1314 906 1374 Plutarchus
929 1315 1024 1372 altero
1042 1316 1110 1374 loco
1120 1314 1150 1391 ²)
1174 1313 1312 1376 Sadalam
1335 1317 1477 1394 appellat,

147 1419 281 1494 ulceret)
304 1417 548 1490 Rhoemetalcen,
572 1417 629 1476 hoc
650 1418 764 1476 addens
787 1436 852 1476 eum
876 1418 914 1475 ab
929 1417 1061 1476 Antonio
1083 1417 1121 1475 ad
1137 1415 1298 1476 Caesarem
1322 1418 1478 1478 defecisse.

148 1519 179 1582 Si
206 1521 388 1598 intellegitur
415 1540 469 1580 rex
497 1519 629 1578 Thracia
658 1521 832 1592 universae,
864 1529 991 1596 utroque
1023 1520 1091 1577 loco
1123 1519 1154 1575 in
1181 1519 1302 1578 nomine
1334 1523 1479 1581 erraverit

146 1633 250 1683 auctor
278 1641 401 1683 necesse
430 1633 491 1694 cst3
523 1641 593 1682 nam
620 1640 688 1681 curn
714 1622 813 1681 locum
839 1621 929 1680 modo
956 1621 1226 1681 demonstravimus
1254 1629 1315 1682 tum
1342 1625 1478 1683 tenuisse

129 1725 246 1804 Cotyn
268 1723 399 1786 Sadalae
420 1726 526 1798 filium,
542 1725 600 1802 ,qui
622 1725 742 1783 adultus
764 1722 860 1784 lactus
882 1724 1001 1783 interim
1021 1724 1181 1800 quominus
1203 1723 1284 1782 bello
1310 1725 1478 1785 interfuerit

146 1829 221 1890 nihil
248 1830 357 1889 obstat.
402 1827 492 1903 Quod
518 1828 545 1887 si
571 1846 674 1887 verum
701 1845 809 1886 nomen
836 1826 1016 1885 Plutarchus
1050 1825 1152 1902 posuit
1181 1835 1307 1902 utroque
1335 1828 1401 1886 loco
1427 1829 1478 1887 vel

146 1941 224 1991 certe
251 1931 345 1990 altero
372 1941 455 2002 ntro,
488 1930 584 2009 reguli
606 1928 745 1988 Thracici
772 1928 804 1986 hi
831 1929 941 1987 luerint
967 1927 1177 2006 oportetsive
1200 1926 1383 2007 Sapaeorum
1414 1932 1477 1990 sive

146 2035 225 2094 alius
247 2034 381 2094 cuiusvis
401 2032 515 2120 populi.

227 2203 261 2274 3.
299 2197 413 2300 Cotys
440 2215 570 2279 Sadalae
596 2225 625 2277 et
653 2215 891 2278 Polemocratiae
918 2189 1064 2293 filins⁴),'
1085 2234 1172 2293 quem
1199 2236 1226 2275 a.
1242 2216 1302 2275 712
1330 2218 1474 2279 inlentem

142 2324 237 2384 fuisse
259 2322 401 2395 vidimus,
429 2320 536 2381 deinde
560 2338 654 2398 regno
680 2321 807 2398 potitum
833 2319 1006 2397 parentibus
1026 2318 1141 2397 Bizyac
1162 2321 1335 2380 memoriam
1358 2321 1475 2381 dedica·

143 2428 239 2498 visse,
271 2426 348 2486 obiit
377 2432 446 2484 aute
478 2443 505 2482 a.
527 2424 587 2484 738
621 2429 715 2483 morte
747 2422 922 2492 immatura3
956 2441 1025 2480 nam
1057 2421 1171 2481 liberos
1203 2423 1372 2500 impuberes
1404 2424 1472 2485 reli·

144 2529 209 2607 quit
224 2525 263 2603 ⁵).

171 2777 172 2780 Ἴ
225 2697 259 2770 4.
300 2690 549 2792 Rhescuporis
572 2708 678 2788 Cotyis
704 2711 785 2770 filius
804 2710 928 2769 necdum
951 2710 1045 2806 pubes
1071 2729 1126 2770 rex
1146 2713 1245 2771 lactus
1266 2723 1313 2774 est
1333 2733 1359 2773 a.
1377 2715 1473 2793 738⁶)

142 2827 239 2878 tutore
261 2817 355 2895 ipsius
376 2826 406 2874 et
427 2815 608 2891 reliquorum
625 2811 731 2890 Cotyis
753 2813 914 2872 liberorum
942 2814 1103 2872 constituto
1125 2822 1234 2892 patruo
1249 2816 1472 2877 Rhoemetalce.

142 2920 221 2981 Tum
235 2918 364 2980 Romani
386 2937 453 2978 eum
468 2937 487 2976 a
501 2916 605 2976 Bessis
620 2915 832 2988 defenderunt;
852 2916 956 2993 paullo
978 2925 1047 2992 post
1068 2935 1094 2975 6.
1112 2917 1170 2975 743
1194 2917 1290 2994 reguli
1311 2921 1472 2980 eorundem

143 3022 305 3101 Vologaesi
327 3019 447 3081 insidiis
469 3019 641 3079 interfectus
664 3017 750 3094 6617)
772 3017 949 3078 adulescens
972 3018 1065 3097 stirpe
1087 3019 1173 3078 nulla
1194 3021 1309 3080 relicta.

217 3244 243 3306 ¹)
269 3245 405 3311 Appianas
424 3245 449 3295 b.
469 3246 531 3305 c.4,
548 3243 608 3293 136.
647 3242 701 3293 Dio
720 3243 764 3304 47,
785 3243 829 3293 48.

216 3333 242 3398 ¹)
269 3339 367 3388 Antan.
387 3338 432 3388 61.
469 3336 522 3387 Dio
543 3335 587 3397 60,
608 3335 624 3385 6
646 3334 761 3386 Thraces
785 3336 852 3386 inter
875 3349 920 3385 sos
952 3335 1061 3399 populos
1084 3335 1213 3397 nominat,
1239 3336 1282 3402 qni
1303 3337 1341 3408 ab
1359 3339 1473 3389 Antonii
1516 3401 1518 3407 ι

140 3430 254 3494 partibus
273 3437 377 3492 starent,
397 3431 464 3496 regia
482 3443 575 3479 nornen
595 3428 694 3478 nnllum
712 3428 794 3493 ponit.

216 3520 241 3584 ¹)
266 3521 369 3574 Romul.
385 3524 431 3584 17;
451 3521 635 3586 apophthegm.
651 3520 725 3571 Caes.
738 3522 808 3585 Aug.
823 3521 848 3569 2.

124 3667 126 3672 f
215 3612 240 3676 ⁴)
265 3615 380 3666 Titulnm
395 3614 510 3664 Atticum
526 3613 555 3664 C.
569 3613 592 3663 Ι.
606 3613 652 3664 Cr.
670 3629 696 3663 n.
712 3613 778 3663 359:
798 3606 912 3676 βασιλία
925 3598 1023 3662 Karima
1041 3607 1170 3674 βασιλέως
1186 3600 1408 3679 ‘Paraanuao'ptdac
1427 3604 1470 3665 ria'v

140 3707 200 3758 hnic
219 3706 295 3772 Cotyi
319 3707 409 3757 tribuit
426 3705 582 3757 Boeckhius.
619 3705 665 3756 Ad
687 3704 797 3755 eundem
822 3705 916 3755 deinde
941 3703 1103 3754 Cavedonina
1128 3702 1172 3766 (di
1195 3705 1284 3756 alcuna
1307 3715 1400 3758 moneta
1425 3725 1469 3758 aa·

141 3796 205 3850 ricta
224 3797 295 3864 deqlt'
312 3798 395 3849 ultimi
416 3795 444 3848 ri
463 3797 492 3848 di
514 3795 617 3848 Tauria.
648 3797 778 3848 Modenae
800 3797 878 3848 1846.
913 3796 948 3858 8.)
967 3811 992 3860 p.
1007 3798 1025 3847 4
1043 3799 1174 3847 revocavit
1194 3815 1312 3849 nummos
1331 3801 1469 3865 inscriptos

141 3905 277 3948 aetrnum
300 3893 409 3959 norst)
432 3889 588 3965 (sacraene
609 3902 867 3948 entraornoemm
898 3898 1011 3961 (Eckhel
1030 3902 1059 3961 6,
1080 3898 1130 3960 59)
1164 3907 1241 3949 antea
1267 3901 1334 3951 male
1363 3903 1469 3954 omnino

141 3993 277 4044 attributos
296 3992 373 4058 Cotyi
391 3992 629 4058 Rhescuporidique
653 3993 685 4043 iis
709 3992 753 4058 qui
777 3991 854 4042 simul
876 3998 1015 4056 regnarunt
1037 3991 1083 4042 snb
1103 3992 1232 4057 Augusto.
1270 3993 1336 4043 Mihi
1360 3994 1466 4044 dubium

140 4102 192 4138 non
216 4093 255 4137 est
274 4085 359 4152 Cotyn
381 4077 671 4150 hnnc'Rheacnporidis
696 4085 776 4135 fllium
796 4085 891 4135 vixisse
915 4085 1047 4150 aliquanto
1074 4092 1133 4135 ante
1154 4099 1186 4134 ea
1204 4085 1236 4134 de
1256 4086 1347 4150 quibus
1367 4088 1467 4152 agimm

142 4160 267 4245 tempora.

216 4269 241 4334 ⁵)
265 4269 319 4320 Dic
339 4271 382 4332 64,
404 4272 448 4320 20.

215 4360 240 4426 ⁸>
264 4364 317 4414 Dio
336 4363 354 4414 l.
368 4378 399 4426 c.‚
421 4363 454 4412 cl.
468 4361 511 4424 64,
529 4362 571 4413 34.
609 4362 691 4412 Huius
711 4368 748 4413 est
767 4361 856 4412 titulus
876 4377 899 4412 a
914 4363 984 4413 1838
1005 4368 1120 4427 repertus
1139 4362 1250 4413 Athenis
1269 4363 1303 4414 ad
1323 4364 1468 4429 exemplum

140 4455 226 4507 Roscii
246 4456 283 4506 ric
301 4455 385 4506 editus
403 4454 473 4521 apud
488 4453 615 4505 Adolfnm
629 4455 733 4507 Schcell
752 4452 879 4506 archacol.
893 4451 1087 4521 Mittlrer'lanqea
1106 4471 1153 4504 aua
1174 4451 1358 4505 Griecdenland
1374 4470 1399 4521 p.
1415 4458 1467 4507 128

147 4549 279 4615 aliquanto
307 4548 447 4599 correctius
473 4561 550 4612 qnam
576 4546 669 4612 legitur
694 4548 722 4597 in
742 4547 843 4614 ephem.
862 4547 990 4598 archaeol.
1004 4546 1158 4598 Atheniensi
1179 4549 1247 4599 1839
1267 4564 1292 4612 p.
1307 4549 1373 4598 226:

550 4653 672 4696 astraea
693 4652 903 4698 errrornorrn
926 4653 1052 4697 norror
1080 4711 1083 4716 1

537 4755 650 4798 ararat
672 4755 789 4798 ananau
812 4755 870 4799 ruz
892 4755 934 4798 era
956 4755 1061 4800 aaron
1083 4757 1114 4799 re
1152 4743 1157 4750 “

620 4856 818 4902 ΑΝΤῙΓΝΩἹὈΣ
840 4857 979 4901 attonitam

141 4947 276 5000 emacem
296 4953 481 4999 commemorat
499 4946 599 4997 Plinius
620 4947 663 5007 34,
679 4948 703 5007 8,
725 4947 768 4996 86.
1434 4905 1452 4960 ⁶

216 5035 240 5102 l)
264 5040 318 5090 Dio
338 5039 382 5102 64,
403 5040 447 5090 34.
478 5041 508 5090 Ι..
528 5039 599 5100 Piso,
620 5038 663 5104 qni
683 5053 714 5088 eo
733 5045 848 5103 tempore
867 5039 975 5089 rebelles
994 5039 1102 5105 subegit,
1122 5039 1311 5090 conculcata
1325 5055 1350 5088 u.
1365 5054 1387 5090 c.
1402 5039 1464 5090 739.

137 5119 189 5182 ¹llic
212 5139 251 5182 cst
268 5132 344 5195 Piso,
369 5147 444 5197 quem
463 5133 602 5197 Antipater
620 5132 717 5197 pariter
736 5141 812 5200 atque
831 5125 916 5195 Cotyn
936 5130 972 5198 (p.
986 5133 1040 5186 264
1059 5133 1119 5183 adn.
1133 5132 1160 5198 4)
1183 5133 1210 5182 16
1229 5131 1385 5185 carminibus
1408 5145 1466 5200 pas·

141 5223 189 5274 rim
209 5224 322 5276 celebrat
340 5224 373 5276 ob
391 5239 433 5276 rea
451 5223 553 5276 temtor
570 5219 673 5293 gem
