3540 5828
352 522 421 590 140
776 542 1084 593 0000000000οι
1103 543 1188 593 rou.
1208 545 1236 592 n

344 713 539 790 distinguitur
558 715 597 772 ab
618 735 697 774 auno
719 717 872 792 petitionis
895 717 1002 792 ipsius.
1018 749 1060 760 -
1081 716 1228 775 Convivia
1242 717 1362 794 publica
1377 719 1419 774 ita
1435 717 1587 792 prohibita
1602 735 1680 788 esse,

344 825 378 873 ut
397 815 557 875 candidato
580 837 633 894 per
654 819 684 876 id
706 827 824 895 tempus
847 819 950 876 liceret
971 821 1001 877 iu
1025 821 1162 896 singulos
1184 820 1249 877 dies
1265 821 1400 877 homiues
1416 819 1573 877 dumtaxat
1589 838 1679 877 noue-

343 937 399 977 nos
421 919 460 977 ad
480 939 585 978 cenam
601 940 717 993 vocare,
739 921 790 996 qui
814 941 955 980 numerus
977 923 1075 980 iustus
1095 931 1143 980 est
1157 923 1287 981 conuiuii
1303 922 1458 998 priuati¹),
1481 921 1579 980 adbuc
1595 922 1679 999 igno-

341 1022 498 1092 rabamus;
525 1031 644 1081 cautum
672 1031 770 1080 autem
797 1025 840 1082 ita
865 1042 934 1082 esse
960 1025 1079 1083 ridetur
1104 1035 1176 1102 post
1202 1023 1378 1084 Ciceronem
1406 1024 1578 1093 consulem,
1610 1043 1679 1080 uum

342 1143 409 1182 cum
432 1125 458 1182 is
474 1125 630 1184 Murenam
652 1126 793 1196 defendit,
816 1126 936 1201 publica
957 1125 1078 1202 quidem
1101 1128 1241 1186 convivia
1262 1128 1413 1204 prohibita
1427 1135 1523 1197 erant,
1547 1127 1601 1184 sed
1616 1127 1680 1184 lici·

344 1237 439 1286 torum
462 1227 652 1286 convivarum
675 1235 773 1286 certus
797 1247 937 1288 numerus
960 1231 1089 1288 nondum
1112 1229 1304 1304 definitus2).

214 1340 323 1390 Domiti
426 1330 623 1408 Magistratus
650 1331 681 1389 in
709 1331 826 1390 colonia
852 1333 1029 1390 creabantur
1055 1332 1170 1390 duoriri
1196 1341 1226 1390 et
1247 1332 1376 1402 aediles3
1404 1341 1582 1407 quaestores
1604 1331 1678 1390 nulli

343 1433 534 1492 inveniuntur
560 1435 674 1509 fuitque
701 1433 821 1493 colonia
843 1437 993 1493 intereas
1016 1453 1063 1493 res
1086 1435 1237 1511 publicas,
1265 1436 1315 1492 ubi
1335 1431 1505 1510 ‘quaestura
1527 1434 1605 1492 inter
1626 1434 1679 1490 bo·

343 1553 432 1594 nores
459 1556 519 1594 non
545 1536 718 1608 habebatur,
747 1537 800 1594 sed
822 1555 929 1596 munus
951 1537 1111 1614 personale
1133 1533 1258 1611 erat’2).
1281 1572 1318 1580 -
1348 1537 1417 1595 Duo
1439 1537 1495 1592 riri
1522 1535 1612 1609 (nam
1636 1536 1679 1592 sic

342 1639 421 1696 nude
443 1639 634 1698 nominantur
655 1640 788 1716 semper)
810 1658 957 1715 quaenam
980 1642 1047 1697 iura
1066 1641 1232 1712 habuerint,
1254 1639 1362 1715 partim
1377 1658 1416 1697 ex
1431 1640 1470 1696 iis
1484 1637 1679 1713 intellegitur,

343 1758 421 1815 quae
443 1741 574 1800 diximus
597 1742 633 1800 de
655 1742 781 1800 decretis
803 1743 1011 1814 decurionum3
1034 1743 1147 1802 nullum
1169 1743 1248 1801 enim
1267 1743 1331 1800 fieri
1346 1741 1443 1818 potuit
1457 1740 1512 1799 uisi
1529 1741 1678 1798 referente

343 1843 511 1914 duumviro,
533 1845 645 1920 quique
667 1864 705 1902 ex
728 1845 919 1902 decurionum
942 1845 1061 1903 decretu
1083 1845 1194 1902 fiebant
1215 1843 1352 1922 magistri
1374 1844 1510 1902 fanorum
1531 1852 1561 1900 et
1574 1843 1677 1919 legati,

342 1945 363 2002 ii
392 1946 522 2034 iubente.
537 1947 642 2005 ordine
670 1946 758 2004 electi
785 1954 855 2005 sunt
880 1967 900 2004 a
921 1947 1066 2006 duoviris.
1110 1948 1163 2006 Ius
1186 1965 1305 2023 quoque
1327 1946 1454 2004 duoviro
1475 1945 1571 2003 fuisse
1593 1963 1677 2021 prae-

343 2047 414 2104 fecti
436 2048 622 2124 relinquendi
644 2049 722 2106 infra
743 2048 786 2124 (p.
805 2048 879 2123 146)
902 2049 1083 2122 videbimus,
1107 2060 1139 2108 ut
1161 2069 1253 2126 supra
1274 2047 1408 2127 (0.126)
1430 2047 1559 2106 vidimus
1581 2047 1628 2104 ius
1649 2045 1677 2104 ei

344 2149 439 2208 fuisse
460 2151 582 2210 armatis
606 2170 694 2227 quem
718 2151 808 2210 vellet
829 2151 1030 2228 praeficiendi.
1067 2151 1166 2209 Etiam
1191 2151 1379 2227 vectigalium
1402 2160 1433 2209 et
1454 2150 1530 2208 ultra
1552 2149 1676 2207 tributo-

343 2270 408 2308 rum
426 2252 605 2312 locationem
628 2254 853 2312 conductionem
877 2262 909 2312 ut
923 2254 1038 2311 Romae
1060 2255 1099 2311 ad
1121 2272 1285 2324 censorem,
1308 2255 1350 2312 ita
1371 2253 1401 2311 in
1423 2253 1478 2310 hac
1499 2252 1620 2310 colonia
1639 2249 1677 2307 ad

342 2353 485 2414 duoviros
513 2357 693 2432 pertinuisse
719 2356 787 2414 inde
813 2356 979 2432 colligitur,
1005 2357 1138 2432 quodhi
1160 2356 1285 2414 deloco
1307 2355 1425 2431 publico
1448 2375 1467 2412 a
1487 2353 1677 2431 redemptore

343 2458 479 2534 mancipe
505 2459 615 2536 praede
644 2459 753 2517 donum
784 2459 918 2534 accipere
940 2467 1077 2517 vetantur
1099 2459 1143 2536 (p.
1162 2458 1244 2534 139).
1287 2459 1450 2517 Praeterea
1471 2458 1496 2515 si
1520 2457 1605 2514 euius
1627 2455 1675 2512 de·

343 2559 475 2618 curionis
498 2561 700 2620 sacerdotisre
722 2579 830 2619 nomeu
853 2560 889 2617 dc
912 2560 1021 2620 tabulis
1043 2561 1173 2638 publicis
1195 2560 1385 2619 eximendum
1407 2569 1463 2631 est,
1488 2559 1625 2617 eximunt
1646 2557 1676 2614 id

343 2661 462 2721 duoviri
478 2663 521 2738 (l,
538 2664 579 2739 5).
595 2697 636 2708 -
658 2665 700 2720 At
722 2664 853 2720 omnium
876 2665 1005 2722 maxime
1027 2663 1184 2721 duovirum
1206 2671 1340 2740 potestas
1362 2664 1531 2720 continetur
1552 2659 1677 2735 imperio

342 2764 480 2836 militiae,
505 2765 586 2823 domi
613 2777 712 2824 autem
739 2766 865 2837 iudicio,
892 2783 1019 2840 quorum
1048 2785 1084 2824 ne
1111 2765 1187 2823 illud
1214 2766 1334 2841 quidem
1356 2763 1489 2822 duoviris
1511 2762 1601 2840 plane
1626 2761 1676 2819 de-

342 2866 435 2924 fuisse
461 2867 510 2925 lex
536 2869 664 2945 primum
690 2869 764 2926 haee
792 2869 909 2942 aperuit
934 2869 976 2942 (u.
1000 2888 1028 2944 p.
1047 2867 1130 2943 126).
1174 2865 1233 2927 Sed
1259 2868 1294 2928 de
1316 2886 1352 2926 eo
1374 2877 1440 2926 cum
1464 2884 1557 2943 supra
1577 2873 1676 2923 actum

344 2951 393 3040 sit,
415 2968 561 3028 hocloco
583 2979 697 3028 restant
718 2969 830 3028 iudicia
850 2971 886 3027 de
909 2970 1018 3047 quibus
1040 2969 1204 3028 videamus.

202 3078 330 3129 Iudicium
426 3071 607 3130 iudiciorum
630 3072 689 3130 duo
710 3090 821 3148 genera
841 3093 880 3131 ex
903 3073 958 3131 hac
979 3072 1046 3149 lege
1067 3093 1086 3130 a
1107 3072 1232 3130 duoviro
1254 3080 1430 3131 exercentur
1445 3071 1562 3147 privata
1577 3081 1607 3128 et
1622 3089 1677 3146 pu·

203 3153 330 3277 'ism'
343 3174 431 3234 blica.
449 3209 487 3218 —
509 3174 634 3232 Privata
656 3193 859 3250 quaecumque
882 3176 1074 3234 inveniuntur
1095 3159 1238 3251 spectant
1252 3174 1290 3231 ad
1312 3173 1423 3232 multas
1446 3173 1582 3230 coloniae
1596 3190 1675 3229 com·

202 3302 239 3352 rei
251 3301 335 3366 publi.
345 3276 454 3336 missas
475 3277 697 3355 recuperatorio
719 3277 828 3370 iudicio
851 3278 1030 3352 exigendas3
1053 3297 1121 3336 nam
1137 3295 1319 3352 quamquam
1335 3276 1590 3351 recuperatorium
1606 3291 1675 3333 esse

245 3390 290 3425 ⁰³0
343 3378 485 3437 iudicium
513 3397 573 3437 non
600 3379 728 3436 adicitur
753 3380 811 3436 nisi
838 3381 868 3438 in
895 3380 999 3439 tabula
1025 3381 1112 3438 tertia
1137 3379 1212 3437 lucis
1234 3380 1356 3437 omnino
1378 3377 1564 3454 interpolatis
1594 3376 1675 3452 (vide

342 3499 371 3557 p.
391 3481 464 3556 121)
487 3482 521 3552 6,
537 3479 586 3540 27.
603 3481 652 3539 46.
677 3481 705 3551 ’1,
722 3481 771 3539 19.
788 3483 837 3540 31.
854 3483 904 3539 50.
927 3482 1101 3554 8,13.32,
1129 3481 1165 3539 de
1187 3483 1255 3557 ipsa
1277 3501 1308 3537 re
1331 3480 1574 3556 interpolatorem
1596 3489 1676 3536 recte

343 3583 453 3642 referre
476 3582 604 3642 dubitari
627 3602 686 3640 non
707 3592 817 3660 potest,
839 3604 893 3643 nec
914 3586 1010 3660 magis
1030 3585 1152 3642 dubium
1172 3591 1217 3642 est
1239 3583 1385 3641 similibus
1408 3581 1528 3640 iudiciis
1551 3589 1676 3639 exactas

342 3705 407 3745 csse
435 3686 566 3744 eiusdem
595 3686 713 3762 generis
743 3686 850 3744 multas
877 3705 954 3763 quae
982 3693 1251 3744 commemorantur
1277 3702 1385 3761 genere
1411 3683 1515 3743 iudicii
1542 3701 1603 3741 non
1626 3682 1676 3740 de-

342 3787 618 3865 finito(],17.25.
643 3791 670 3860 3,
688 3787 737 3846 21.
762 3788 870 3864 019).
907 3788 956 3846 Ad
979 3808 1030 3847 eas
1052 3807 1160 3848 causas
1182 3789 1253 3846 itum
1275 3787 1425 3864 pertinent
1446 3804 1524 3862 quae
1544 3782 1676 3844 011011

345 3891 372 3962 l,
388 3889 508 3960 32-3,
526 3889 543 3946 2
567 3890 603 3949 de
625 3891 838 3966 reciperatorio
854 3890 961 3948 iudicio
977 3893 1007 3950 in
1024 3891 1194 3949 uuiversum
1210 3899 1361 3948 caventur.
1397 3887 1478 3947 Nam
1492 3905 1676 3964 quamquam

342 3992 372 4050 in
399 3993 458 4051 fine
480 3991 589 4070 legitur
612 3997 852 4069 pueritiaeque
875 3996 982 4053 iudices
1005 3994 1107 4052 delecti
1132 3993 1181 4068 (in
1204 3992 1306 4072 tabula
1327 3999 1374 4050 cat
1394 3988 1500 4064 relicti)
1523 4009 1613 4066 aeque
1634 4008 1677 4046 re-

342 4098 512 4170 ciperatores
534 4099 564 4153 10
586 4115 646 4155 cum
668 4115 726 4154 rem
747 4097 810 4154 doti
832 4107 935 4167 canent,
962 4113 1038 4172 quae
1061 4095 1243 4172 praecedunt
1265 4093 1365 4153 omnia
1386 4092 1424 4151 ad
1446 4092 1529 4150 solos
1551 4111 1676 4168 recupe-

343 4307 546 4316 m..—

421 4463 443 4528 ¹)
470 4466 503 4514 V.
520 4465 552 4516 19
562 4481 615 4529 sq.=
637 4461 675 4513 Ne
695 4500 719 4514 ..
739 4464 879 4514 conuiuium
898 4461 986 4513 habeto
1065 4453 1170 4530 praeter
1189 4461 1256 4528 quod
1273 4463 1326 4528 ipae
1346 4459 1501 4510 londidntur
1515 4462 1613 4528 petitor

343 4558 442 4606 troeurit
465 4555 521 4606 dum
547 4554 630 4619 [tarot
654 4555 691 4619 in]
712 4555 767 4604 dica
786 4555 900 4620 tippulae
917 4553 1059 4617 hlomimrm)
1078 4553 1170 4604 VIIII.
1208 4555 1268 4604 Non
1288 4561 1356 4603 recte
1376 4554 1407 4602 de
1427 4555 1493 4603 hora
1505 4554 1588 4604 VIIII
1606 4555 1675 4618 cogi·

342 4652 405 4698 tavit
424 4650 561 4715 Berlanga.
599 4648 753 4713 Marquardt
771 4645 965 4697 Privataltertt.
982 4651 1006 4709 1,
1021 4650 1089 4697 310:
1114 4646 1159 4696 der
1181 4643 1309 4706 Umrtaud,
1330 4644 1390 4708 dosa
1408 4643 1454 4694 der
1473 4642 1675 4711 (Spore-Uirrio

342 4739 429 4792 eberiso
453 4743 500 4792 wie
525 4741 573 4790 dna
591 4737 739 4804 Essaimmer
763 4740 899 4790 triclinium
923 4739 1011 4804 beisst,
1037 4739 1098 4802 ldsut
1117 4738 1250 4800 erkcunen,
1276 4737 1335 4801 dosa
1353 4735 1418 4787 naclt
1437 4735 1485 4786 dus
1505 4733 1615 4786 Zimmer
1632 4753 1675 4784 ur·
1759 4763 1761 4769 ·

342 4833 488 4900 rprdnqlicd
507 4851 555 4884 000
565 4833 615 4898 seir
634 4849 697 4883 0000
719 4831 796 4882 Gdstc
816 4831 944 4884 derce-boet
962 4831 1015 4882 tmd
1033 4830 1101 4882 diere
1122 4829 1191 4881 Zotal
1209 4829 1249 4880 010
1267 4829 1366 4880 000001
1384 4827 1522 4880 betracdtet
1539 4827 1632 4878 reurde.

419 4941 443 5006 ²)
471 4945 540 4995 Nam
565 4951 667 4994 senatus
688 4946 832 4994 consultum
852 4944 878 4993 id
898 4944 929 4992 tle
949 4959 1000 5008 quo
1020 4943 1075 4992 dixi
1095 4957 1217 4992 enamans
1237 4941 1328 4991 Cicero
1348 4942 1384 4989 ait
1402 4956 1450 5005 pro
1469 4939 1538 4988 Mur.
1560 4937 1609 4999 35,
1626 4937 1675 4988 ⁷3:

343 5051 398 5084 noro
412 5036 522 5097 (0000100
534 5038 625 5088 crimen
636 5038 719 5103 00101)
740 5037 819 5086 Iocum
838 5035 874 5085 ad
891 5033 1050 5102 spectandum
1070 5033 1133 5084 dore
1153 5040 1197 5083 not
1215 5032 1251 5082 od
1263 5031 1403 5099 0000011000
1422 5031 1549 5082 inuitare!
1567 5030 1673 5092 minime,

342 5126 387 5176 ted
404 5118 503 5195 ’0019οἶ
543 5125 612 5188 Quid
630 5137 667 5179 cst
685 5129 778 5196 culpo?
797 5130 934 5178 uniuersos.

418 5237 443 5299 3)
471 5239 531 5304 Dig.
546 5241 590 5302 50,
605 5241 630 5302 4,
647 5241 689 5302 18,
705 5243 728 5290 2.
768 5240 922 5306 blarquardt
941 5237 1104 5288 senatorem.
1122 5241 1146 5299 1,
1161 5237 1223 5288 tut.
