3540 5828
336 537 406 609 162
920 557 1097 610 conssuu:

330 729 380 790 ¹3.
423 730 551 789 Lamina
570 731 671 790 lictilis
693 732 787 790 stelae
808 731 918 806 forma,
945 732 977 790 in
1004 731 1099 790 alteru
1124 741 1221 808 parte¹
1239 731 1305 810 apri
1334 731 1433 807 effigio
1455 730 1606 802 decorata,
1627 731 1662 788 in

372 833 467 892 altera
497 835 593 892 tribus
629 834 810 916 ornamentis
843 834 879 892 ud
911 833 1018 893 florum
1051 833 1277 893 similitudinem
1303 833 1472 909 expressis,
1511 833 1662 908 utrimque

371 936 525 1012 inscripto,
552 937 674 995 inventa
700 937 743 994 us'
766 937 855 1011 sondi
881 937 927 995 dcl
948 941 1001 1013 sip.
1028 936 1181 996 Puttorcllt'
1208 937 1266 994 ulls
1290 934 1382 1007 Curti,
1411 953 1461 993 ovs
1485 935 1664 994 sstuvdscasi

372 1037 492 1098 l’untica
507 1038 618 1115 Capua,
640 1057 701 1097 non
722 1037 815 1097 multo
837 1039 1004 1097 antediem
1034 1029 1178 1097 lmensis*
1197 1037 1338 1098 Octobris
1360 1058 1387 1097 a.
1408 1037 1500 1112 1873,
1523 1055 1601 1097 nnnc
1628 1037 1662 1096 in

373 1158 477 1200 museo
508 1138 670 1217 Gapuuuo:

475 1505 478 1512 ι
584 1416 726 1492 minieis
747 1475 754 1491 .
774 1416 958 1492 kalsilliels
978 1472 986 1490 .
1006 1417 1175 1492 minatsls
1195 1472 1204 1489 .
1223 1415 1379 1514 nsr(nn)

585 1538 671 1612 ekes
691 1596 699 1612 .
718 1537 849 1614 iuvllas
872 1596 879 1612 .
899 1538 996 1615 idvsl
1015 1596 1023 1612 .
1042 1538 1167 1638 flagiul

636 1641 775 1716 stshint

457 1799 486 1858 b.
509 1799 541 1858 in
562 1800 656 1859 altera
676 1808 762 1877 parte
784 1802 850 1878 apri
871 1801 970 1878 elligie
992 1809 1112 1860 oruata:

587 1934 756 2012 minnicis
776 1994 784 2008 .
803 1935 988 2010 kaisilliels
1008 1933 1200 2011 .minatcls
1220 1994 1228 2009 .
1248 1937 1398 2035 uer(um)

584 2057 671 2132 eluas
691 2116 699 2132 .
720 2058 851 2132 iuvilas
871 2115 879 2132 .
899 2058 996 2132 idvsl
1017 2116 1025 2132 .
1045 2057 1197 2158 flagiul.
1219 2057 1359 2134 stahinl

544 2217 639 2286 llinii,
662 2213 801 2290 Oaisillii,
824 2217 947 2276 Minatis
962 2217 1107 2277 nobilium

542 2319 599 2378 hes
620 2320 759 2378 iuvantes
781 2337 829 2378 res
853 2319 1008 2396 (delicies)
1029 2319 1095 2379 lovi
1117 2320 1310 2400 Fulgnrstori
1332 2328 1413 2381 stent
1433 2317 1576 2395 (sacrae).

412 2456 515 2515 Edidit
547 2467 575 2516 et
606 2457 821 2533 interpretatus
850 2466 897 2516 est
927 2458 954 2514 I.
977 2456 1143 2528 Miucroini,
1176 2459 1314 2517 Bullctiu.
1348 2457 1426 2516 dello
1462 2454 1662 2514 Commissiou.

330 2556 509 2617 Consoroutr.
541 2560 572 2616 di
607 2559 696 2617 Terra
727 2561 759 2616 di
791 2558 922 2630 Lauoro‚
959 2559 1069 2617 Toruat
1097 2560 1146 2618 dcl
1172 2562 1190 2619 1
1224 2559 1313 2619 ouou.
1340 2559 1431 2631 1873,
1460 2579 1493 2634 p.
1522 2557 1662 2617 99.100.

328 2661 465 2736 Apparet
485 2661 516 2718 in
538 2669 665 2736 utroque
686 2660 779 2720 latere
793 2660 922 2720 laminae
936 2662 984 2719 vel
999 2662 1093 2721 stelae
1108 2662 1210 2720 cadem
1226 2663 1317 2720 verba
1332 2659 1414 2720 Osca
1434 2659 1510 2736 legi,
1532 2677 1662 2735 quorum

329 2760 387 2819 duo
409 2763 507 2839 primu
528 2764 691 2839 scriptione
718 2782 753 2822 eo
777 2763 933 2835 differunt,
963 2764 1043 2840 quod
1070 2764 1166 2822 altera
1186 2782 1257 2841 pars
1284 2764 1373 2822 habet
1394 2763 1512 2820 Minius
1534 2771 1565 2820 et
1585 2761 1663 2819 Kai-

328 2863 439 2936 silliels,
472 2863 568 2924 altera
594 2865 729 2924 diducitis
761 2875 791 2924 et
816 2865 990 2924 Kaisilliet's.
1034 2863 1086 2925 Sic
1113 2885 1206 2944 supra
1232 2865 1363 2925 vidimus
1391 2865 1515 2925 eandem
1542 2863 1663 2922 dedica-

328 2965 421 3024 tionis
443 2967 603 3026 formulam
625 2967 738 3027 Oscam
760 2967 806 3027 bis
828 2968 968 3044 scriptam
991 2985 1059 3027 esse
1081 2949 1247 3027 inlumina
1267 2968 1352 3028 fictili
1373 2965 1518 3044 Capuana
1538 2965 1662 3042 (ulo).

332 3065 465 3128 Genitivi
487 3070 639 3128 nominum
661 3071 781 3129 Miniuis
797 3069 973 3147 (Mincius),
995 3069 1158 3129 Kaisillieis
1174 3068 1366 3147 (Kaisillielo)
1389 3070 1521 3129 eiusdem
1542 3069 1663 3146 generis

328 3179 398 3229 sunt
420 3189 454 3230 ao
478 3171 609 3231 Miluieis
632 3171 674 3248 (u.
697 3172 741 3248 5),
767 3172 934 3242 Niuuuiu's,
960 3172 1142 3244 Mcelllciiu'u
1169 3172 1370 3244 lcuutdsuuiels,
1396 3167 1502 3232 ‘contra
1522 3171 1662 3231 musteis

327 3273 491 3349 respondet
511 3273 652 3352 genitivis
675 3273 881 3347 Ldulcouotu's,
904 3274 1100 3347 Herculcum,
1122 3284 1152 3334 et
1173 3293 1282 3334 nomen
1308 3274 1420 3354 gentile
1445 3285 1493 3334 est
1512 3272 1663 3350 particula

329 3379 384 3433 -atv'
405 3374 507 3435 adlixa
527 3375 702 3450 formatum,
728 3377 831 3453 qualis
856 3385 886 3435 et
906 3377 1112 3436 Romanorum
1137 3385 1168 3435 et
1195 3377 1391 3436 Etruscorum
1418 3378 1514 3436 fuisse
1540 3386 1663 3436 constat

328 3475 553 3552 (Orellsluscr.
581 3478 670 3540 Heus.
698 3480 761 3552 III,
783 3499 813 3555 p.
835 3480 902 3539 219.
946 3478 1089 3551 Husbusr,
1124 3479 1241 3550 Quaen.
1268 3499 1357 3539 onom.
1380 3500 1413 3556 p.
1441 3480 1489 3539 16.
1520 3477 1553 3538 C.
1581 3478 1662 3538 Krit.

329 3578 420 3638 Beitr.
447 3599 478 3656 p.
504 3581 577 3640 565.
603 3581 671 3641 566.
705 3578 737 3638 C.
766 3581 896 3657 Sprcollc
927 3583 978 3639 der
998 3581 1191 3652 EtruskerI,
1218 3582 1280 3641 294
1308 3602 1350 3659 sq.
1379 3581 1467 3657 298).
1509 3580 1661 3657 Ner(um),

328 3681 410 3757 quod
432 3701 493 3742 non
513 3683 661 3761 integrum
683 3701 751 3742 esse
773 3685 916 3761 scriptum
939 3683 1014 3742 vidit
1036 3683 1204 3756 Minervini‚
1227 3684 1369 3762 supplevi
1390 3703 1406 3742 c
1428 3683 1560 3762 genitivo
1581 3682 1661 3762 plur.

326 3802 425 3844 uerum
461 3785 582 3844 tabulas
608 3785 755 3844 Bantinos
785 3786 824 3863 (v.
849 3786 897 3845 29.
924 3784 991 3861 31).
1024 3805 1113 3862 quem
1145 3765 1325 3864 comparatis
1357 3784 1539 3845 Umbrorum
1571 3785 1663 3844 huius

327 3887 469 3945 vocabuli
495 3888 615 3946 ossibus
643 3890 726 3963 uer-s
746 3907 808 3947 acc:
835 3887 911 3965 plur.
938 3897 968 3946 et
993 3906 1090 3946 uer-us
1117 3887 1175 3946 dat.
1204 3888 1281 3965 plur.
1310 3888 1512 3947 demonstravi
1537 3889 1663 3966 proprie

329 3988 499 4067 significare
517 3991 657 4064 sortium,
688 3991 757 4049 inde
784 3990 936 4061 nobilium,
965 3993 1131 4066 principum
1152 3989 1247 4066 (Z.s.
1269 3990 1357 4066 ocrpl.
1381 3990 1450 4067 Spr.
1482 3991 1514 4050 V.
1536 3991 1595 4049 117
1616 4010 1662 4066 sq.

329 4092 366 4165 cs.
393 4092 558 4164 Miserum,
586 4093 605 4150 l.
634 4092 683 4168 u).
736 4092 819 4150 Eleos
848 4093 954 4151 ius-ilus
984 4100 1054 4151 suut
1080 4092 1257 4152 nominativi
1285 4093 1362 4170 plur.
1390 4093 1458 4151 iem.
1485 4101 1518 4151 ut
1545 4091 1662 4164 ekae-lc,

329 4211 408 4266 usas,
420 4197 547 4270 conflue,
559 4195 700 4272 quoniam
715 4196 880 4254 accusativi
891 4195 968 4272 plur.
980 4194 1114 4254 eiusdem
1126 4194 1334 4254 declinationis
1346 4195 1439 4268 eltuto,
1461 4198 1540 4254 ciust
1552 4205 1666 4254 exeunt

331 4296 364 4354 in
385 4315 424 4354 ss.
468 4296 575 4374 ltaque
596 4298 703 4356 iuoilos
719 4298 937 4357 substantivum
953 4298 1134 4375 comparatis
1149 4298 1249 4357 verbis
1270 4295 1389 4357 Latinis
1410 4300 1490 4356 iuvat
1512 4296 1664 4375 (delectet)

329 4406 359 4456 et
371 4400 510 4457 iucundus
525 4400 704 4478 interpretor
718 4404 916 4473 tortuosum,
937 4419 983 4459 res
998 4401 1148 4472 iucundae,
1168 4399 1288 4458 delicies
1302 4392 1497 4482 (χαριπῆρια,
1506 4388 1666 4476 κειμήλια),

330 4519 409 4576 quos
431 4501 571 4562 videlicet
592 4521 611 4560 a
631 4503 784 4562 nobilibus
806 4501 959 4578 Capuanis
981 4503 1013 4561 in
1034 4503 1122 4562 titulo
1144 4502 1304 4562 nominatis
1319 4502 1384 4560 Ioci
1405 4500 1560 4561 dedicatae
1583 4510 1664 4560 sunt

329 4602 412 4662 Itlcci
432 4604 557 4682 Flupiut'
586 4606 700 4682 optima
721 4605 836 4664 ratione
858 4604 883 4664 Ι.
905 4605 1065 4664 Minervini
1087 4604 1251 4682 explicavit
1271 4605 1335 4662 loci
1357 4603 1564 4680 Fulgurutors',
1596 4622 1665 4662 cum

330 4723 495 4782 cognomen
520 4707 568 4766 dei
596 4708 718 4784 Furius
746 4709 878 4767 ciusdem
906 4707 1010 4783 stirpis
1037 4707 1079 4767 sit
1104 4718 1138 4764 ut
1163 4705 1339 4765 Latinorum
1365 4701 1511 4783 stuprum,
1536 4705 1665 4781 fulgere,

322 4807 438 4884 sulpur,
453 4808 567 4886 sulpur,
591 4809 775 4870 Graecorum
791 4800 922 4887 φλέγειν,
943 4800 1026 4890 φλόξ
1040 4807 1091 4886 (C.
1108 4809 1234 4885 Ausspr.
1251 4809 1436 4881 ΙΙ,154.οά.
1454 4807 1498 4886 2).
1521 4805 1666 4884 Denique

330 4910 438 4994 stultiut
459 4934 494 4962 =
524 4922 598 4971 secut
628 4912 834 4971 coniunctivus
867 4922 913 4970 est
945 4911 1078 4970 eiusdem
1110 4911 1230 4989 generis
1264 4929 1308 4989 ‘ac
1330 4915 1400 4970 stult
1419 4934 1454 4961 ==
1476 4920 1538 4980 stet,
1561 4911 1667 4981 udaie,

329 5014 452 5085 delucid,
485 5033 504 5071 a
535 5018 620 5074 παίει
651 5039 689 5064 =
722 5023 795 5073 stent
827 5013 918 5072 simili
951 5013 1066 5072 ratione
1097 5015 1234 5073 diversus
1267 5021 1300 5073 ut
1331 5012 1440 5071 Latine
1472 5015 1531 5070 sint
1552 5015 1667 5072 acient

331 5113 382 5191 (G.
405 5115 531 5191 Ausspr.
555 5117 582 5187 I,
602 5116 671 5176 352.
687 5116 759 5175 728.
784 5118 827 5174 cd.
850 5116 877 5174 2.
911 5105 1033 5174 Eridu.
1057 5117 1204 5175 Formenl.
1227 5118 1256 5175 d.
1281 5114 1351 5174 Osis.
1368 5114 1438 5191 Spr.
1455 5134 1489 5190 p.
1504 5112 1570 5189 32).
1594 5112 1665 5189 Quo

330 5218 422 5276 verbo
445 5217 519 5278 Osci
550 5226 674 5277 utuntur
704 5220 736 5277 in
769 5217 965 5278 dedicationis
996 5218 1159 5292 formulis·
1176 5227 1209 5276 ut
1238 5216 1347 5277 Umbri
1378 5216 1484 5276 eodem
1511 5217 1605 5275 verbo
1633 5217 1665 5276 in
