3540 5828
345 510 392 580 98
955 529 1061 582 uoss1

425 703 461 761 V.
481 703 610 762 11-13,
655 703 797 774 Latinas,
826 704 1044 780 postprimam
1069 723 1170 762 earum
1193 704 1423 762 celebrationem
1445 703 1509 761 llll
1532 705 1591 762 eid.
1610 703 1679 762 Ian.

342 806 449 864 iterum
464 805 512 864 Ill
527 824 596 863 non.
614 805 714 878 Febr,
736 807 826 874 tertio
849 806 910 864 kal.
927 805 1002 884 Mai.
1019 804 1088 881 (sic,
1112 825 1171 864 non
1193 821 1275 876 mars,
1297 807 1326 863 in
1350 806 1396 863 his
1419 805 1506 864 fastis
1528 816 1681 884 perpetuo

342 909 505 985 scriptum)
533 908 590 965 hoc
616 925 695 966 anno
721 908 907 967 instauratas
930 907 1066 966 versibus
1092 905 1139 980 12,
1165 907 1202 966 13
1229 909 1377 985 sagaciter
1404 909 1550 986 suppletis
1573 908 1682 966 docuit

341 1010 510 1068 Henzenus.
556 1007 645 1083 Quod
668 1029 738 1067 vero
761 1029 861 1068 mense
883 1009 1023 1067 Ianuario
1046 1011 1192 1087 singulari
1214 1010 1353 1086 exemplo
1374 1010 1487 1068 latlnae
1515 1010 1572 1068 hoc
1595 1031 1679 1069 anno

248 1189 250 1194 Α
341 1113 402 1171 1111
423 1112 605 1182 celebratae,
634 1112 665 1169 id
687 1133 703 1169 e
726 1129 916 1170 romanorum
939 1111 1166 1188 magistratuum
1194 1112 1320 1170 historia
1345 1112 1464 1188 plenam
1491 1114 1603 1189 accipit
1629 1114 1679 1171 lu-

341 1234 414 1273 cem.
447 1214 650 1273 Decemvirali
673 1215 751 1272 enim
774 1213 900 1290 imperio
922 1215 1078 1289 abrogato,
1099 1213 1249 1272 consulari
1272 1214 1421 1284 restituto,
1443 1215 1512 1271 novi
1532 1217 1678 1275 consules

339 1316 500 1376 Decembri
522 1335 626 1375 mense
641 1327 729 1374 extra
751 1315 884 1374 ordinem
902 1324 972 1374 sunt
986 1315 1078 1374 creati
1101 1316 1293 1390 (Mommsen,
1315 1316 1433 1374 Hermes
1456 1316 1474 1374 l.
1490 1337 1516 1374 c.
1534 1337 1564 1393 p.
1582 1318 1677 1393 381):

340 1419 450 1496 iisque,
478 1419 536 1478 nisi
564 1419 666 1477 latinis
693 1419 839 1495 peractis,
867 1419 898 1475 iu
919 1399 1092 1494 ingruentes
1118 1417 1222 1477 hostes
1250 1419 1400 1496 proticisci
1428 1419 1548 1476 minime
1577 1421 1677 1480 licuit.

340 1519 403 1580 Cur
429 1522 538 1580 iterum
565 1531 595 1579 et
621 1522 708 1579 tertio
735 1522 920 1580 instauratae
946 1519 1040 1578 leriae
1066 1519 1140 1591 sint,
1169 1528 1267 1578 utrum
1294 1519 1373 1595 quod
1401 1521 1514 1596 primae
1541 1522 1679 1600 itemque

341 1623 451 1682 alterae
479 1625 605 1682 vitiosae
634 1623 762 1682 fuissent
794 1642 832 1680 au
859 1623 898 1682 ob
927 1639 1091 1698 prosperos
1119 1640 1277 1681 successus
1309 1622 1445 1697 publicae
1477 1625 1678 1700 supplicatio-

339 1725 386 1784 nis
408 1725 514 1802 gratia‚
537 1745 575 1784 ne
590 1725 655 1803 ipse
670 1724 790 1800 quidem
805 1724 1010 1784 Mommsenus
1033 1725 1131 1802 potuit
1146 1723 1268 1782 definire
1290 1724 1366 1798 (1.1.
1389 1745 1418 1802 p.
1432 1725 1518 1802 384).
1550 1726 1678 1786 Trium-

340 1827 466 1903 pborum
489 1836 568 1886 certe
589 1846 683 1886 causa
703 1827 840 1885 decretae
868 1827 938 1884 illae
965 1844 1023 1884 non
1047 1834 1130 1898 sunt3
1157 1826 1256 1885 idibus
1279 1826 1355 1885 enim
1379 1824 1544 1886 Sextilibus
1566 1837 1599 1887 et
1612 1830 1678 1889 VII

339 1929 398 1987 kal.
415 1929 496 2005 Sept.
520 1930 608 1988 huius
631 1931 701 1988 anni
727 1930 892 2005 triumphos
919 1929 1073 2005 capitolini
1100 1929 1215 2006 lapides
1232 1929 1412 2006 adsignant.
1456 1929 1617 1990 Odericius
1645 1947 1678 1992 et

339 2030 484 2090 Marinius
507 2032 695 2103 dubitarunt,
720 2050 791 2090 uum
812 2031 859 2089 his
881 2030 968 2092 lastis
990 2031 1082 2090 feriae
1104 2039 1220 2091 tantum
1241 2032 1510 2108 extraordinariae,
1535 2051 1676 2110 praeser-

339 2135 392 2193 tim
414 2134 621 2212 triumphales,
644 2153 702 2192 111
718 2153 790 2192 vero
809 2133 944 2204 annales,
966 2133 1077 2191 suerint
1097 2134 1269 2209 inscriptae.
1303 2133 1400 2193 Novis
1422 2155 1500 2194 nunc
1521 2137 1682 2216 fragmen»

339 2236 378 2294 tis
400 2237 527 2313 repertis
551 2255 609 2294 non
632 2235 722 2294 modo
744 2256 780 2295 ea
801 2236 947 2294 dubitatio
968 2243 1016 2294 est
1037 2243 1100 2294 tota
1122 2235 1250 2308 sublata,
1277 2236 1330 2295 sed
1351 2248 1506 2315 praeterea
1526 2238 1677 2299 discimus
1712 2276 1722 2290 ι

340 2337 508 2398 1111111111
536 2339 648 2417 pariter
676 2349 706 2396 11
727 2338 981 2397 extraordinarias
1008 2337 1099 2396 serias
1125 2339 1156 2396 in
1178 2339 1232 2397 has
1255 2339 1374 2399 tabulas
1396 2341 1505 2400 relatas
1527 2359 1596 2400 esse
1621 2344 1678 2416 (11.

338 2441 508 2502 Mommsen
535 2442 555 2500 1.
579 2460 603 2500 1.
626 2461 655 2518 p.
673 2439 752 2516 383)
780 2459 941 2516 earumque
969 2441 1148 2499 memoriam*
1172 2460 1191 2498 a
1217 2441 1406 2500 decemvirali
1440 2442 1545 2502 saltem
1572 2453 1677 2503 aetate

339 2543 376 2603 in'
391 2544 563 2622 pontificum
575 2525 671 2602 ¹libris
692 2541 849 2621 diligenter
869 2560 939 2602 esse
960 2553 1120 2602 servatam.

423 2644 572 2705 Columna
592 2644 625 2703 11
654 2665 681 2702 v.
704 2645 802 2704 4-7.
845 2644 979 2704 Alterius
1007 2644 1162 2703 columnae
1189 2645 1242 2703 vix
1269 2639 1443 2724 supersunt
1460 2647 1581 2706 litterae
1608 2665 1676 2708 rnr-

340 2764 391 2806 av.
405 2791 433 2806 ..
457 2749 500 2806 ita
521 2757 566 2807 ter
588 2747 742 2826 repetitae,
764 2757 799 2804 11
820 2756 880 2806 1111
902 2747 1059 2805 continuos
1082 2765 1178 2806 annos
1201 2759 1434 2825 repraesentent.
1468 2751 1516 2807 Ad
1538 2751 1595 2808 illa
1616 2753 1676 2829 igi-

338 2863 389 2908 tur
412 2859 546 2926 tempora
563 2851 646 2930 ¹baec
666 2849 812 2908 fastorum
834 2866 906 2925 pars
933 2849 1075 2926 pertinet,
1102 2850 1212 2926 quibus
1234 2851 1345 2910 tribuni
1367 2853 1494 2910 militum
1517 2853 1676 2912 consulari

338 2961 486 3029 potestate
512 2953 603 3025 terni,
635 2951 789 3030 quaterni,
822 2952 901 3022 seni,
934 2945 1035 3010 obtoni
1060 2952 1151 3028 longa
1178 2946 1324 3012 annorum
1352 2955 1429 3014 serie
1454 2956 1677 3031 rempublicam

338 3074 457 3113 rexere:
479 3073 606 3131 quorum
627 3055 760 3125 nomina,
782 3053 1030 3130 quemadmodum
1050 3063 1081 3113 11
1101 3054 1310 3128 decemvirum,
1333 3050 1519 3132 prolixitatis⁴
1532 3058 1678 3117 vitandae

299 3151 314 3162 ”
337 3157 435 3240 gratia
461 3157 518 3215 hae
539 3157 658 3216 tabulae
685 3164 885 3235 praetereunt.
930 3153 1080 3216 Continuo
1102 3157 1231 3242 triennio
1253 3159 1364 3218 tribuni
1388 3147 1516 3219 nlilitum
1542 3161 1679 3237 primum

280 3299 284 3308 ·
337 3259 434 3319 creati
451 3259 538 3320 anais
561 3257 750 3332 sao-3223
778 3257 885 3317 deinde
911 3257 949 3316 ab
972 3277 1051 3316 anno
1074 3257 1133 3318 328
1156 3259 1194 3318 ad
1218 3260 1277 3320 387
1300 3279 1368 3320 1111
1390 3261 1519 3321 reditum
1541 3263 1581 3320 ad
1604 3281 1679 3322 con·

337 3362 419 3420 eules
446 3371 500 3422 eat.
537 3359 634 3420 -Prior
660 3361 750 3439 igitur
775 3361 881 3419 horum
908 3360 1054 3419 fastorum
1081 3361 1220 3421 columna
1246 3363 1284 3422 ab
1311 3382 1390 3423 anno
1413 3363 1472 3423 303
1501 3364 1539 3422 ad
1561 3385 1680 3424 annum

323 3464 486 3546 processit
512 3483 572 3524 uon
598 3441 679 3522 infra
701 3462 778 3536 319,
807 3481 866 3520 non
895 3462 975 3521 ultra
1000 3462 1070 3521 384.
1113 3463 1189 3523 Eam
1217 3472 1317 3524 tamen
1346 3465 1489 3525 mediocri
1515 3465 1679 3527 altitudine

325 3568 433 3628 ¹fuisse
454 3567 619 3626 litterarum
635 3565 774 3625 modulus
796 3565 827 3623 in
849 3565 918 3642 ipsa
938 3582 1058 3641 quoque
1074 3583 1192 3625 summa
1213 3568 1449 3645 praescriptione
1470 3569 1602 3646 exiguus
1625 3570 1678 3629 de·

338 3669 536 3748 monstrat1).

421 3771 480 3831 Illa
500 3770 609 3830 certius
632 3770 748 3830 definiri
770 3791 912 3832 mensura
932 3781 1045 3850 potest,
1075 3793 1135 3850 qua
1156 3773 1268 3850 pagina
1287 3772 1345 3831 fuit
1365 3749 1511 3832 anno‘rum
1533 3775 1680 3834 exeuntis

338 3874 451 3934 saeculi
473 3893 492 3932 a
514 3871 635 3933 Christo
657 3875 755 3950 primi,
777 3874 907 3934 ineuntis
930 3875 1064 3934 secundi.
1096 3875 1133 3934 In
1155 3875 1242 3934 binas
1265 3875 1345 3934 enim
1367 3875 1520 3934 columnas
1541 3877 1680 3950 partitae

337 3986 423 4035 erant
443 3976 537 4035 feriae
560 3993 705 4034 annorum
729 3976 862 4047 71-74,
887 3977 945 4036 106
955 3978 1070 4050 -1093
1093 3978 1135 4036 ita
1155 3985 1188 4036 ut
1209 3996 1287 4036 anno
1309 3978 1419 4054 prioris
1441 3978 1599 4037 columnae
1624 3979 1680 4051 71,

263 4097 265 4100 ·
338 4080 463 4139 alterius
493 4096 589 4137 annus
617 4077 675 4138 106
703 4077 766 4136 1111
793 4079 991 4156 responderet
1018 4087 1048 4138 et
1075 4080 1119 4138 sic
1145 4079 1296 4156 deinceps.
1341 4079 1441 4155 Quare
1468 4079 1596 4156 singulis
1626 4098 1680 4138 co-

337 4181 448 4241 lumnis
472 4179 510 4238 35
538 4180 657 4239 circiter
678 4197 774 4240 annos
802 4198 870 4240 esse
896 4179 1128 4257 comprehensos
1155 4182 1310 4244 subductis
1332 4183 1501 4241 rationibus
1522 4181 1556 4239 tit
1578 4185 1679 4241 mani-

337 4284 462 4342 festum.
505 4279 539 4364 Si
571 4283 676 4341 eadem
703 4283 835 4342 omnium
862 4284 1030 4344 tabularum
1062 4302 1204 4342 mensura
1235 4284 1306 4357 fuit,
1339 4303 1357 4342 1
1384 4283 1606 4343 decemviratus
1637 4286 1681 4343 ad

336 4385 463 4445 Traiani
485 4393 621 4460 tempora
643 4402 766 4444 necesse
789 4393 835 4444 est
855 4387 912 4446 hos
933 4387 1030 4445 fastos
1050 4387 1157 4465 viginti
1180 4386 1287 4445 saltem
1310 4385 1464 4446 columnas
1485 4386 1646 4462 implesse.

422 4484 482 4546 Sed
504 4486 703 4565 fragmentum
727 4505 872 4546 annorum
896 4487 1069 4547 536-542
1093 4489 1241 4567 duplicem
1256 4488 1374 4547 videtur
1395 4487 1564 4546 columnam
1587 4490 1681 4548 exbi-

337 4590 406 4648 bere
430 4588 512 4664 (ride
533 4589 600 4665 eph.
617 4589 643 4660 1,
658 4589 722 4665 43).
756 4589 835 4648 Nam
858 4591 986 4668 singulis
1008 4591 1095 4650 annis
1118 4593 1247 4650 maiores
1269 4591 1385 4649 litterae
1406 4597 1476 4649 suut
1490 4589 1682 4669 adscriptae,

334 4710 412 4768 quae
433 4691 562 4751 alteram
584 4690 752 4750 columnam
774 4691 907 4754 efficiunt
927 4695 986 4752 sic:

412 5223 436 5287 ¹)
459 5227 572 5278 Litterae
591 5242 631 5276 rr.
646 5225 721 5276 1-3
740 5223 1030 5288 11111111111111.21;
1049 5239 1090 5274 rr.
1109 5224 1126 5274 4
1146 5229 1171 5272 et
1189 5237 1260 5288 seqq.
1279 5221 1335 5274 lere
1354 5222 1418 5274 mill.
1433 5223 1558 5276 18-19,
