3540 5828
580 498 655 547 nux
675 498 755 548 con.
776 498 1005 548 cuunrrvaa.
1391 483 1459 551 141

128 683 243 732 ratores
270 672 447 749 respiciunt,
475 691 571 748 neque
595 679 720 748 apparet
740 674 847 730 iudices
868 671 914 730 illi
936 690 995 747 quo
1017 672 1200 750 pertineant,
1227 681 1260 730 ut
1281 693 1340 731 non
1361 675 1462 752 inepte

128 778 175 834 hic
197 794 318 852 quoque
340 775 376 833 de
398 773 628 852 interpolatione
650 774 773 850 cogitari
797 775 907 850 possit;
930 783 1009 832 certe
1027 776 1107 850 quod
1122 784 1313 851 expectamus
1330 779 1386 836 hoc
1401 783 1460 836 est:

127 882 214 954 quasi
235 882 262 935 si
283 882 483 954 reciperatores
506 880 536 934 ia
558 896 619 934 eaor
640 896 698 934 reru
721 879 782 935 dati
803 896 858 934 noa
881 887 978 934 essent.
1013 878 1061 934 Ad
1082 877 1125 936 rei
1140 877 1274 952 privatae
1289 879 1402 936 iudicia
1416 899 1461 938 re-

127 980 318 1059 cuperatorio
339 979 497 1055 quominus
517 978 587 1038 item
602 979 754 1037 trahamus
771 998 848 1055 quae
871 998 895 1036 c.
910 977 998 1037 XCV
1013 980 1160 1056 leguntur,
1183 981 1285 1039 obstat
1299 1001 1363 1039 oum
1380 983 1461 1058 quod

127 1084 167 1142 ibi
197 1083 246 1142 ubi
274 1082 372 1159 agitur
393 1081 429 1139 de
457 1083 634 1158 magistratu
657 1059 779 1158 petente·
796 1081 967 1140 excusando
990 1082 1119 1140 adicitur
1140 1103 1206 1140 eum
1230 1102 1262 1141 ac
1283 1102 1314 1141 re
1337 1085 1462 1143 coloniae

127 1195 239 1263 petere,
262 1193 325 1242 tum
348 1185 478 1243 maxime
506 1183 589 1258 (nam
610 1184 665 1241 hoc
687 1183 889 1242 additamento
912 1183 1096 1262 significatur
1118 1185 1236 1260 quidem
1260 1183 1401 1244 iudicium
1425 1187 1461 1244 de

126 1309 159 1347 re
180 1288 301 1366 publica
323 1295 505 1364 susceptum,
528 1285 580 1346 sed
602 1305 661 1344 non
684 1286 851 1344 excluditur
873 1287 1082 1365 magistratum
1104 1287 1292 1364 privatumve
1315 1291 1403 1347 etiam
1424 1290 1460 1348 de

128 1410 182 1449 sua
204 1409 235 1448 re
259 1388 396 1447 similiter
417 1389 499 1447 litem
521 1388 684 1460 contestari
706 1389 856 1466 potuisse)
879 1390 997 1446 testium
1021 1391 1113 1459 ratio,
1136 1407 1226 1464 quam
1249 1391 1328 1448 iufra
1349 1392 1460 1450 videbi-

126 1511 193 1552 mus
221 1512 241 1549 a
267 1493 392 1568 privatis
419 1491 538 1551 iudiciis
566 1491 693 1550 alienam
716 1509 793 1550 esse.
838 1491 976 1567 Denique
998 1510 1057 1549 uon
1080 1491 1144 1549 siue
1166 1509 1257 1549 causa
1278 1493 1347 1551 huic
1369 1495 1461 1570 capiti

126 1595 320 1673 subiungitur
342 1592 457 1664 XCVI,
480 1613 538 1670 quo
561 1593 666 1652 duorir
687 1593 814 1664 iubetur,
829 1594 868 1652 *si
890 1593 937 1651 cui
960 1593 1110 1652 decurioni
1133 1595 1169 1651 de
1192 1595 1317 1670 pecunia
1340 1597 1461 1672 publica

125 1699 268 1762 multisve
291 1696 433 1772 poenisve
461 1696 566 1754 locove
593 1696 710 1772 publico
732 1696 868 1772 quaestio
891 1696 1070 1754 iudiciumne
1091 1696 1306 1755 instituendam
1328 1716 1395 1757 esse
1417 1700 1460 1756 vi-

125 1800 240 1872 deatur,
266 1799 302 1856 de
330 1818 365 1856 aa
391 1819 423 1856 re
450 1797 547 1875 primo
568 1793 692 1874 ¹quoque
716 1797 823 1856 dicad
846 1799 1021 1857 decuriones
1043 1797 1161 1856 referre.
1183 1830 1221 1841 -
1252 1799 1459 1876 Magistratus,

127 1902 206 1978 apud
233 1921 322 1977 quern
349 1900 391 1958 ita
418 1901 529 1976 agitur,
556 1899 662 1958 duovir
687 1909 734 1958 est
754 1900 960 1976 praefectusve
983 1900 1132 1972 coloniae,
1161 1911 1192 1958 ut
1213 1911 1259 1960 cst
1281 1910 1310 1960 et
1331 1923 1356 1960 c.
1371 1902 1460 1963 XCV

127 2007 154 2074 1,
170 2005 209 2062 33
233 2013 263 2062 et
284 2003 314 2060 in
337 2001 412 2060 locis
436 2021 526 2078 supra
549 2003 710 2080 propositis
731 2001 929 2078 interpolatis,
952 2003 1009 2061 uisi
1031 2003 1111 2077 quod
1132 2003 1162 2060 in
1183 2021 1241 2060 uno
1256 2021 1357 2062 eorum
1375 2006 1402 2077 7,
1419 2007 1458 2064 50

128 2106 243 2165 accedit
269 2106 408 2164 interrex.
453 2103 597 2164 Similiter
619 2105 649 2162 iu
671 2105 736 2180 lege
760 2103 900 2164 Caesaris
923 2105 1041 2180 agraria
1063 2106 1126 2162 sive
1149 2105 1281 2164 Mamilia
1303 2125 1327 2164 c.
1343 2105 1399 2166 LV
1422 2108 1459 2166 de

124 2209 234 2267 iudicio
257 2207 426 2266 sestertium
442 2205 470 2262 V
486 2206 600 2265 milium
621 2207 651 2264 in
674 2206 823 2282 publicum
846 2207 981 2266 coloniae
1004 2207 1194 2282 municipiive
1217 2217 1339 2284 propter
1358 2211 1458 2268 termi-

123 2333 194 2370 num
217 2311 342 2369 eiectum
369 2309 590 2368 inserendorum
618 2317 736 2368 cautum
765 2317 811 2366 est
838 2310 894 2366 sic:
923 2312 956 2366 eie
978 2329 1012 2368 ea
1033 2329 1064 2368 re
1086 2314 1226 2368 curatoris
1248 2314 1298 2386 qai
1320 2312 1374 2371 hac
1398 2313 1457 2389 lepc

124 2419 177 2473 erit
203 2412 437 2489 (intelleguntur
459 2411 564 2469 IIIviri
586 2412 721 2470 coloniae
743 2407 931 2470 deducendae
954 2409 1125 2488 similesque
1148 2414 1357 2490 magistratus)
1384 2419 1457 2473 iaris

124 2519 209 2574 dictio
231 2519 507 2591 reciperatoraroqae
529 2516 608 2572 datio
630 2515 754 2572 addictio
778 2523 843 2572 esto.
878 2533 940 2572 carn
961 2526 1077 2573 carator
1098 2516 1152 2573 llac
1168 2515 1227 2591 iepe
1241 2535 1297 2574 noa
1313 2520 1375 2590 erit,
1400 2526 1457 2576 tam

122 2624 292 2695 quicumque
317 2622 501 2692 oropistratas
529 2619 559 2673 in
587 2636 620 2674 ea
646 2617 758 2674 calocio
785 2620 939 2691 municipio
966 2620 1150 2693 praefectura
1170 2621 1239 2694 soro
1268 2619 1456 2678 conciliabulo

123 2727 184 2779 iare
211 2721 334 2778 dicando
356 2722 499 2796 praeerit,
528 2721 587 2776 eius
615 2722 799 2794 mapistratus
827 2721 861 2776 de
888 2722 1066 2776 recciario
1089 2722 1173 2778 dictio
1196 2722 1355 2796 iudiciaque
1378 2724 1455 2779 datio

123 2825 249 2882 addictio
273 2832 340 2880 esto.
383 2822 517 2880 Iudicem
544 2821 624 2896 quod
647 2819 717 2877 dare
739 2821 857 2878 iubetur
879 2821 1086 2896 magistratum
1115 2842 1151 2880 eo
1174 2840 1233 2880 uon
1257 2824 1455 2882 excluduntur

124 2934 365 3002 recuperatores,
397 2925 450 2981 sed
483 2923 616 3000 generali
645 2923 792 2982 vocabulo
820 2922 869 2980 lex
898 2923 954 2980 boc
981 2923 1047 2981 loco
1078 2925 1172 2982 utitur
1202 2925 1303 3002 legum
1331 2925 1367 2983 de
1396 2928 1454 2985 siu·

124 3028 203 3105 gulis
231 3027 359 3086 coloniis
382 3033 486 3102 postea
508 3025 672 3084 dandorum
698 3025 874 3083 iudiciorum
902 3025 1107 3086 ordinationes
1133 3045 1236 3086 omnes
1262 3028 1351 3086 simul
1376 3048 1454 3087 cour-

122 3131 267 3208 plectens.
292 3161 327 3170 —
356 3129 595 3204 Recuperotores
622 3129 664 3185 ita
691 3127 812 3200 dantur,
840 3137 873 3186 ut
895 3137 975 3186 certo
997 3127 1044 3200 die
1068 3127 1197 3187 iudicare
1220 3129 1389 3203 iubeantur,
1419 3151 1454 3190 eo

124 3234 170 3292 die
194 3234 220 3291 si
243 3250 303 3290 non
326 3231 493 3302 iudicarint,
516 3231 567 3306 qui
590 3230 671 3289 dedit
693 3219 785 3288 aliurn
808 3230 886 3288 diem
909 3230 946 3288 iis
969 3230 1134 3308 praefiniat,
1157 3239 1220 3288 tota
1244 3241 1342 3304 tamen
1364 3251 1455 3292 causa

123 3335 244 3394 omniuo
271 3335 351 3392 intra
372 3333 544 3392 vicesimum
572 3333 648 3390 diem
677 3335 859 3406 terminetur.
905 3331 990 3406 Quae
1017 3353 1096 3392 nova
1122 3343 1191 3392 sunt
1217 3336 1329 3407 omnia3
1357 3337 1456 3396 adbuc

122 3440 200 3498 euim
223 3439 280 3496 hoc
302 3443 415 3494 tautum
438 3431 595 3494 constabat
616 3436 756 3494 iudicium
776 3437 923 3512 privatum
940 3454 994 3511 por
1008 3443 1231 3514 recuperatores
1248 3437 1373 3496 celerius
1388 3459 1453 3517 per·

122 3541 231 3600 lectum
257 3557 434 3616 essequam
457 3557 509 3614 per
533 3558 622 3596 uuum
645 3537 823 3615 iudicem1).
867 3538 1120 3614 Recuperatorum
1143 3540 1260 3598 sortitio
1283 3547 1312 3598 et
1332 3541 1454 3599 reiectio

122 3651 393 3702 commemorantur
416 3641 444 3712 2,
462 3639 510 3710 27,
534 3641 702 3699 accuratius
726 3650 824 3699 autem
847 3659 907 3699 nou
930 3641 1118 3699 definiuntur.
1134 3674 1175 3684 —
1198 3643 1271 3718 Ipsa
1292 3642 1369 3700 actio
1390 3644 1454 3701 sive

121 3749 250 3822 qaeestio
277 3744 360 3819 (uam
387 3743 550 3820 quaerendi
572 3743 718 3801 vocabulo
745 3743 794 3802 lex
822 3742 858 3800 de
885 3762 920 3799 eo
948 3743 1057 3802 iudicio
1081 3744 1177 3826 utitur
1199 3743 1231 3815 2,
1249 3744 1276 3801 6.
1296 3744 1345 3802 36.
1370 3745 1403 3816 3,
1420 3745 1452 3822 6)

120 3847 278 3924 popularis
305 3853 365 3917 est3
393 3846 468 3922 petit
494 3846 589 3916 enim,
617 3853 649 3902 ut
675 3853 817 3921 perpetuo
847 3845 878 3903 iu
906 3846 1007 3905 multis
1029 3846 1167 3918 adicitur,
1196 3851 1246 3922 qai
1266 3846 1348 3905 colet.
1393 3845 1453 3907 Sed

121 3950 171 4007 lex
198 3949 229 4006 in
257 3949 414 4006 ordinandi
441 3947 550 4006 iudicio
579 3947 750 4025 distinguit,
776 3952 801 4005 si
827 3949 929 4007 duocir
946 3951 1108 4024 praejectus
1125 3958 1203 4024 petet
1223 3959 1253 4007 et
1275 3953 1300 4006 si
1317 3953 1452 4025 privatae

119 4061 207 4126 petet3
235 4069 361 4127 quorum
388 4050 462 4108 illud
484 4051 665 4127 plerumque
693 4049 804 4109 factum
831 4069 898 4108 esse
926 4051 1080 4128 probabile
1107 4059 1154 4110 est
1180 4061 1211 4110 et
1235 4058 1358 4128 propter
1383 4071 1451 4110 cau·

122 4173 185 4212 sam
209 4153 357 4212 multandi
385 4152 468 4227 (nam
496 4153 595 4228 agitur
626 4152 722 4210 ubivis
745 4153 780 4210 de
804 4153 911 4211 delicto
934 4154 1052 4231 publico
1074 4171 1227 4230 poenaque
1248 4155 1281 4212 in
1303 4154 1453 4229 publicum

121 4255 297 4334 redigenda)
326 4263 355 4312 et
375 4263 547 4332 propterea,
575 4255 655 4331 quod
677 4255 747 4312 olim
770 4257 850 4331 apud
866 4255 1023 4314 ¹Romanos
1047 4256 1119 4314 solis
1141 4255 1366 4335 magistratibus
1388 4257 1452 4316 eius

121 4358 239 4435 generis
269 4375 432 4438 poenarum
467 4357 660 4432 petendarum
689 4358 735 4414 ius
762 4357 855 4418 fuisse
886 4357 1057 4434 ridetur²);
1080 4358 1219 4434 denique
1247 4359 1328 4434 quod
1358 4360 1388 4431 1,
1412 4361 1452 4418 34

120 4461 199 4518 lirir
228 4460 435 4535 praefectusve
465 4469 494 4516 et
522 4469 746 4535 recuperatores
777 4471 807 4519 et
833 4480 899 4519 eum
928 4461 1012 4520 cuius
1042 4479 1089 4518 res
1117 4461 1218 4537 agitur
1244 4461 1350 4519 adesse
1372 4461 1453 4518 iubat

121 4574 221 4622 actore
248 4563 376 4634 omisso,
403 4561 492 4620 facile
514 4562 696 4638 explicatur,
724 4563 750 4620 si
772 4563 891 4638 quidem
912 4563 976 4639 ipse
1000 4563 1193 4641 magistratus
1217 4573 1330 4623 actores
1353 4571 1452 4640 partes

119 4749 324 4759 .—-—-·-—-

196 4889 219 4952 1)
250 4889 341 4962 Cicero
355 4905 402 4954 pro
417 4891 484 4940 Tull.
502 4893 549 4940 10:
569 4892 753 4958 reciperatores
772 4889 842 4954 dure,
863 4899 890 4942 at
909 4909 980 4958 quam
995 4892 1103 4958 primam
1116 4907 1157 4940 rea
1169 4890 1334 4946 iudicaretur.
1362 4893 1451 4943 Diviu.

119 4982 376 5043 inCaeeil.17,56.
403 4982 503 5032 Plinius
524 4981 563 5048 ep.
579 4985 604 5044 3,
621 4986 663 5044 20,
679 4987 704 5034 9.
732 4986 905 5046 niceam.
934 4985 1032 5046 Gaii,
1050 4984 1109 5034 185.
1141 4986 1172 5034 Iu
1190 4985 1245 5048 lege
1259 4986 1362 5049 agraria
1381 5002 1404 5035 v.
1417 4988 1450 5036 37

120 5077 285 5140 magistratus
305 5074 406 5123 decimo
426 5075 467 5123 die
486 5083 679 5142 recuperatores
699 5078 761 5128 dare
776 5077 884 5140 iubetur,
905 5078 1087 5142 postquamad
1101 5077 1251 5127 cominius
1265 5078 1361 5128 aditum
1377 5079 1433 5128 orit.

195 5183 219 5248 ²)
248 5182 408 5235 Stootsrecdt
423 5187 446 5248 1,
463 5188 524 5236 141.
