3540 5828
392 537 737 592 comumuuamouus
756 540 1033 593 nmeuaemcau
1052 541 1154 594 nnus.
1372 519 1442 592 191

106 712 165 772 86.
210 713 362 772 Denarius
392 712 544 772 sociorum
570 711 602 770 iu
624 713 705 775 bello
727 717 867 788 Marsico,
895 735 990 793 nuper
1010 715 1180 795 publicatus
1207 734 1245 772 ex
1266 713 1444 773 collectione

106 835 300 875 nummorum
328 817 412 874 ducis
441 816 477 875 ds
504 813 613 878 Blacas
641 818 683 895 (a.
706 822 772 890 221,
793 819 852 896 a),
880 819 965 878 cuius
986 820 1017 878 iu
1039 818 1134 878 altera
1154 825 1240 896 perte
1261 814 1445 894 conspicitur

104 925 199 994 caput
219 919 308 977 virile
323 917 433 977 hedera
447 928 634 994 coronatum,
656 921 687 980 in
709 921 803 982 altera
824 931 930 982 taurus
950 923 1047 982 victor
1067 922 1171 996 lupam
1193 919 1334 978 afflictam
1350 938 1444 979 cornu

105 1020 246 1081 mulcens
268 1039 336 1080 cum
358 1021 573 1106 inscriptione!

447 1209 587 1285 vitellid
697 1227 699 1230 ’
998 1235 1094 1296 Italia.

104 1432 136 1484 et
158 1424 259 1483 littere
280 1423 394 1485 aOsca
415 1444 509 1502 supra
530 1425 639 1500 posita,
662 1426 792 1487 Histoire
814 1431 848 1488 dc
871 1428 901 1487 to
915 1428 1196 1489 oronnaieRomoine
1211 1427 1245 1484 de
1260 1423 1443 1482 TiuMomm·

106 1547 166 1600 cen,
191 1529 267 1585 trad.
291 1529 326 1585 dc
346 1528 452 1588 Altum.
474 1549 532 1606 por
554 1531 580 1588 le
602 1532 656 1589 duc
676 1534 711 1591 de
734 1522 856 1603 Blaccc,
873 1531 955 1607 publ.
977 1551 1009 1608 p.
1032 1529 1058 1588 I.
1082 1531 1117 1588 de
1144 1528 1239 1598 Witte,
1261 1526 1306 1598 II,
1323 1546 1355 1604 p.
1374 1525 1441 1596 531,
1471 1539 1472 1544 ’

106 1629 188 1688 unde
211 1630 348 1701 Fabretti,
370 1629 462 1689 Prim.
487 1633 581 1708 suppl.
605 1645 663 1692 ont.
687 1638 754 1695 tarr.
778 1635 815 1693 It.
838 1634 948 1693 asos.
992 1631 1191 1692 Nummorum
1212 1629 1303 1688 huius
1324 1628 1443 1705 generis

104 1747 227 1810 praeter
259 1751 295 1789 ea
316 1732 509 1811 exemplaria,
543 1754 620 1812 quas
646 1736 669 1795 Ι.
695 1735 910 1796 Friedlaender
933 1735 1094 1812 descripsit
1119 1740 1150 1792 et
1169 1731 1348 1803 illustravit,
1372 1729 1443 1790 Oct.

105 1834 205 1892 Maiae.
223 1855 257 1911 p.
280 1835 410 1895 73-85.
440 1837 546 1896 ΗΧ.
575 1839 615 1898 X.
643 1842 679 1916 cs.
702 1839 807 1898 Monte.
837 1839 902 1898 Unt.
931 1838 1013 1896 Diat.
1037 1857 1069 1914 p.
1092 1836 1158 1895 201.
1183 1834 1251 1894 260.
1296 1833 1384 1893 Fodr.
1410 1833 1441 1893 0.

104 1936 132 1994 J.
156 1938 194 1996 It.
219 1936 310 1996 2819.
334 1938 424 2011 2851,
446 1940 537 1998 etium
559 1941 744 2017 exemplaris
766 1941 953 2000 collectionis
977 1939 1145 2010 Foxianae,
1167 1954 1243 2014 quae
1265 1954 1359 2014 nuper
1381 1933 1443 1993 vidi

103 2038 135 2098 in
165 2057 271 2098 museo
299 2039 499 2111 Berolinensi‚
535 2045 637 2102 omnia
669 2062 778 2103 nomen
811 2043 884 2104 deae
917 2052 946 2100 et
973 2043 1055 2102 urbis
1082 2041 1189 2100 Italics
1215 2039 1311 2097 unsl
1341 2037 1443 2097 littera

105 2141 251 2219 scriptum
284 2141 409 2201 habent:
455 2144 567 2204 Vtutiu.
611 2146 718 2222 Itaque
751 2146 875 2222 scriptio
915 2144 1031 2205 Vtutlat
1067 2144 1099 2202 in
1130 2159 1252 2201 nummo
1290 2140 1372 2200 ducis
1405 2140 1442 2199 de

104 2243 227 2315 Blacas,
249 2244 398 2322 duplicem
420 2247 431 2306 l
453 2247 571 2306 videtur
593 2249 724 2308 traxisse
746 2268 765 2307 a
785 2247 897 2307 Latino
920 2247 1040 2308 nomine
1070 2243 1190 2306 Vitellio.
1240 2241 1380 2304 Ceterum
1402 2260 1441 2301 ex

105 2357 180 2423 typo
208 2348 286 2405 tauri
308 2344 463 2408 Samnitici
497 2350 621 2410 victoris
653 2351 755 2428 lupam
787 2350 955 2410 Romanam
978 2349 1120 2408 afflictam
1156 2364 1249 2406 cornu
1280 2344 1441 2404 mulcentis

105 2449 243 2508 conicere
275 2451 356 2523 licet,
387 2450 466 2510 hunc
494 2472 646 2512 nummum
680 2473 698 2511 a
734 2451 919 2513 Samnitibus
949 2431 1054 2512 cusum
1085 2467 1153 2509 esee
1185 2468 1247 2509 non
1279 2467 1298 2507 a
1328 2447 1440 2508 Marsis

105 2549 345 2613 Corfiniensibus
367 2553 491 2630 (misdi.
515 2555 534 2614 1.
558 2575 581 2615 c.
600 2575 633 2632 p.
659 2555 710 2615 69.
735 2557 778 2616 71.
805 2556 852 2615 76.
878 2551 952 2631 80.).

104 2847 718 2858 Μὴ...

673 3247 874 3310 LVCANIA.

100 3439 161 3500 st.
204 3438 302 3515 Lapis
330 3455 514 3498 marmoreus
540 3437 622 3496 rudis
649 3437 833 3515 marginibus
866 3437 1016 3513 utrimque
1042 3433 1158 3524 detritis
1191 3442 1280 3511 atque
1304 3432 1440 3493 infractis

145 3549 280 3602 ceterum
319 3539 448 3617 integer,
480 3541 619 3600 iuventus
654 3540 686 3598 in
722 3538 814 3598 tundo
853 3537 956 3617 oppidi
990 3538 1090 3596 Dicito
1130 3555 1224 3614 prope
1260 3535 1373 3596 fontem
1404 3535 1438 3596 S.

149 3643 316 3704 OEoocnai:

580 3818 769 3874 ΑΛΑΠΟΝΙΣ
785 3858 793 3874 .
812 3817 969 3873 ΠΑΚΕΗΙΣ
1075 3863 1081 3894 Ι

602 3976 717 4031 ΟΓΙΙΕΣ
728 4015 736 4032 .
751 3975 815 4030 ΠΙΩ
829 3977 836 4030 Ξ
851 3977 907 4031 art
920 4014 927 4031 .
942 3975 1015 4029 ΕΚΟ

600 4133 737 4188 {tutti
755 4174 761 4190 .
779 4132 872 4187 ΕΑΛΕ

184 4347 259 4407 Duo
278 4345 453 4424 apographa
468 4343 558 4403 huius
574 4339 780 4418 inscriptionis
792 4339 919 4400 coniecit
930 4339 1074 4399 Mundelli
1088 4339 1119 4398 in
1131 4340 1209 4400 libro
1225 4337 1438 4415 manuscripto

101 4453 140 4511 de
161 4450 313 4520 Laconia,
334 4447 407 4507 Vol.
430 4447 456 4518 1,
473 4465 505 4522 p.
535 4445 576 4504 94
598 4456 622 4504 et
649 4442 712 4504 Vol.
740 4443 784 4503 Il.
812 4447 841 4501 tn
857 4443 925 4519 fine,
948 4442 1076 4502 alterum
1097 4439 1212 4501 mendis
1235 4458 1295 4500 non
1316 4453 1438 4512 vacans,

100 4554 230 4614 alterum
253 4549 355 4627 lapide
376 4548 475 4608 denuo
497 4548 667 4607 examinato
682 4554 846 4605 correctum
861 4553 950 4622 atquc
966 4545 1164 4617 emendatum,
1186 4544 1267 4622 quod
1289 4541 1326 4602 ad
1347 4543 1437 4602 tinem

99 4656 169 4717 libri
194 4653 244 4714 sui
265 4651 382 4711 adiecit
421 4637 643 4728 ¹Interpretatus
666 4665 730 4707 snm
752 4647 869 4707 titulum
891 4667 910 4705 a
931 4646 988 4706 Th.
1011 4648 1231 4707 Mommsenio
1253 4647 1348 4706 lucem
1369 4663 1439 4721 pro·

98 4765 245 4829 tractum,
267 4762 299 4814 et
318 4753 523 4814 demonstravi
544 4752 586 4810 ita
607 4750 804 4828 supplendum
827 4759 916 4827 atque
938 4750 1137 4809 enarrandum
1159 4767 1241 4808 esse:

463 4937 500 4998 A.
527 4935 666 4998 tarem
692 4931 836 5023 Hcafats

432 5169 434 5172 v
467 5077 569 5202 qous
595 5090 658 5134 πιω
686 5063 787 5161 αις(ο)
814 5089 869 5133 ene
896 5053 1028 5160 (teter).

517 5211 654 5303 {caepe
675 5212 770 5303 fode.
