3466 5820
403 506 458 558 sc.
480 507 528 556 nn
547 505 726 557 uvrrnnus
745 505 884 557 snnrvs
902 505 1119 558 necveusrs.
1353 488 1425 558 277

95 682 196 740 omnio
217 682 339 740 nomino
359 681 536 752 reseruntur,
559 682 679 740 nomine
692 680 872 758 principalia
886 680 917 738 iu
933 681 992 740 tine
1007 691 1170 758 ponuntur,
1193 681 1284 741 etiem
1301 701 1426 759 praeno-

97 803 174 857 men,
197 784 278 861 quod
299 803 416 856 moneo,
438 803 504 843 cum
526 784 557 842 id
580 785 618 843 ab
641 802 697 842 usu
718 782 881 858 recedet.¹)

181 885 346 948 Scribendo
368 887 527 946 adsuerunt
548 894 701 946 senatores
723 904 846 946 numero
869 893 999 961 septem,
1029 905 1068 944 ex
1094 887 1205 962 quibus
1227 887 1250 966 ii
1277 888 1328 964 qui
1356 907 1426 964 pos-

98 999 193 1049 tremo
213 989 280 1049 loco
303 997 454 1067 ponuntur
476 999 650 1066 quaestores
673 998 750 1048 sunt.
796 986 947 1046 Numerus
969 988 1021 1046 ille
1042 997 1141 1046 utrum
1161 989 1302 1048 fortuitus
1328 989 1426 1049 sitan

97 1101 194 1152 aetate
208 1092 399 1168 imperatorie
417 1099 571 1162 statutum,
594 1102 626 1150 nt
647 1093 737 1150 etiarn
759 1093 790 1149 in
812 1099 934 1148 senatus
957 1091 1103 1149 consultis
1120 1092 1344 1151 conscribendis
1361 1112 1426 1169 sep-

98 1205 156 1255 tem
178 1205 269 1254 testes
292 1194 448 1265 adessent,
471 1213 530 1252 non
552 1195 694 1264 diiudico;
727 1193 889 1252 notandum
913 1201 1012 1252 autem
1035 1193 1152 1252 videtur
1173 1211 1239 1252 esse
1260 1205 1425 1254 curatorem

96 1309 230 1357 actorum
251 1307 371 1356 senatus
393 1298 543 1356 intereos
566 1287 616 1372 qui
639 1297 797 1355 scribendo
820 1294 969 1354 adfuerint
990 1297 1115 1372 reperiri
1137 1296 1268 1368 nullum3
1302 1308 1428 1374 apparet

96 1403 197 1478 igitur,
218 1399 249 1457 id
263 1400 342 1476 quod
357 1400 446 1458 etiam
462 1400 530 1458 eliis
552 1398 588 1457 de
611 1399 709 1457 causis
732 1398 894 1457 verisimile
915 1407 971 1469 est,
1000 1399 1031 1456 in
1054 1399 1256 1473 concipiendis
1279 1401 1425 1460 consultis

96 1513 218 1563 senatus
244 1521 310 1560 eum
334 1511 483 1560 versutum
510 1520 570 1560 non
596 1519 664 1559 esse
691 1502 744 1558 sed
767 1519 803 1558 ea
824 1500 883 1557 iam
905 1501 1077 1578 conscripto
1098 1503 1250 1578 occepisse
1273 1509 1362 1578 atque
1384 1505 1426 1561 ite

94 1607 124 1664 in
140 1616 207 1662 ecta
221 1605 384 1677 rettulisse,
407 1605 515 1679 quibus
531 1593 650 1680 praeter
664 1604 733 1678 ipse
748 1603 866 1661 decretu
887 1603 976 1660 etiem
999 1603 1165 1661 sententiae
1180 1623 1199 1661 e
1213 1605 1349 1680 patribus
1364 1605 1425 1664 dic·

94 1719 152 1780 tae,
178 1708 295 1766 litterae
317 1707 354 1765 ed
377 1716 513 1764 senatum
536 1708 668 1780 scriptae¹
684 1705 803 1782 alioque
825 1705 1061 1764 continebantur.
1106 1705 1155 1764 Ex
1176 1707 1364 1765 senatoribus
1387 1708 1424 1766 iis

96 1811 133 1868 de
154 1828 281 1886 quorum
304 1815 366 1866 toto
388 1809 506 1868 nomine
528 1817 644 1866 constet
666 1808 724 1866 duo
746 1808 808 1866 noti
833 1818 912 1866 sunt:

179 1912 210 1972 0.
239 1911 349 1987 Oppios
375 1909 450 1984 C.f.
481 1911 539 1970 Vel.
563 1910 685 1968 Severus
706 1911 738 1968 in
759 1910 953 1986 inscriptione
976 1911 1101 1969 Auximi
1123 1909 1277 1987 repertel)
1301 1921 1425 1972 vocetur

98 2015 129 2074 C.
160 2013 269 2092 Oppius
295 2013 372 2086 C.f.
401 2013 460 2072 Vel.
485 2012 610 2072 Sabinus
632 2012 726 2070 Iulius
750 2013 847 2088 Nepos
873 2013 915 2070 M.
948 2013 1044 2072 lidius
1067 2013 1208 2073 Solemnis
1230 2013 1366 2086 Severum
1393 2015 1424 2074 in

93 2117 197 2175 eodem
212 2116 297 2174 titulo
314 2116 382 2174 vivo
397 2114 552 2174 Hadriano
574 2115 670 2174 inciso
692 2115 865 2174 consulatus
887 2115 951 2173 eius
975 2093 1086 2173 meniis
1108 2116 1151 2189 iit,
1176 2123 1208 2174 ut
1230 2135 1296 2176 eum
1318 2136 1345 2176 e.
1366 2118 1423 2177 138

93 2220 284 2278 consulerem
305 2218 398 2277 fuisse
420 2225 544 2276 constet.
1206 2229 1211 2236 ·

176 2323 211 2381 Ρ.
238 2320 357 2380 Cassius
378 2319 416 2377 L,
434 2320 685 2395 procreemur
707 2321 771 2378 sine
792 2319 887 2395 petris
909 2320 1029 2379 nomine
1053 2320 1190 2396 tribuque
1211 2340 1424 2382 commemora·

92 2433 142 2483 tur
161 2426 193 2483 in
210 2424 295 2482 titulo
309 2421 501 2500 Canusiuol)
525 2423 613 2480 uxori
635 2423 699 2480 eius
716 2423 833 2480 Anniae
847 2423 975 2481 Rufinue
997 2423 1144 2494 dedicato,
1168 2424 1243 2483 unde
1265 2445 1332 2484 eum
1356 2443 1423 2503 sep-

91 2528 251 2586 temvirum
273 2526 433 2603 epulonum
456 2525 551 2584 inisse
572 2525 725 2596 discimus,
747 2525 884 2600 idemque
906 2535 952 2584 est
974 2523 1100 2584 Cassius
1117 2525 1232 2586 Dexter
1254 2536 1284 2585 et
1299 2525 1423 2588 Cassius

90 2629 251 2709 proconsul
273 2628 310 2686 ad
332 2646 421 2704 quern
443 2628 564 2704 saepius
586 2627 742 2704 rescripsit
762 2627 929 2705 Imperator
949 2628 1121 2685 Antoninus
1143 2617 1264 2704 Pi'us.⁴)

175 2732 209 2790 P.
232 2730 345 2789 Nonius
367 2729 408 2787 M.
426 2732 453 2803 s.
477 2731 625 2789 Macrinus
647 2731 766 2806 ignotus
790 2739 849 2788 est:
883 2730 978 2788 tribus
999 2729 1120 2788 videtur
1148 2749 1215 2789 esse
1239 2729 1422 2809 Ouffcntino)

90 2842 123 2894 ut
144 2834 203 2893 iem
225 2834 256 2890 in
278 2831 446 2892 Nouiorum
467 2841 554 2909 geute
577 2851 615 2890 ex
639 2830 740 2891 Gallie
761 2831 910 2907 cisalpine
935 2839 968 2889 ut
989 2832 1106 2891 videtur
1127 2833 1255 2892 oriunda
1269 2833 1424 2893 Veronen-

90 2939 166 2995 sium
190 2935 462 3011 Brixianorumque
485 2935 573 2993 tribui
584 2934 612 3010 5)
643 2935 731 2992 tertia
753 2934 875 2992 accedat
896 2933 1089 2994 comensium
1105 2936 1421 2996 Mediolanensiumve.

91 3038 182 3098 Certe
203 3039 310 3114 opinor
331 3037 502 3096 coniectura
523 3038 626 3114 quinto
649 3038 715 3095 loco
737 3037 856 3095 restitui
878 3055 986 3096 nomen

175 3139 255 3217 [Ser.
271 3140 413 3216 Erc]ci[r]
430 3139 471 3198 M.
481 3142 508 3214 s.
526 3139 609 3210 Quo.
630 3139 713 3199 Clari
734 3139 867 3198 consulis
889 3140 996 3198 iterum
1018 3160 1044 3199 a.
1071 3140 1139 3213 146,
1163 3142 1211 3199 cui
1226 3143 1338 3218 optime
1353 3161 1421 3200 con-

90 3245 214 3302 veniunt
240 3243 354 3301 incerte
382 3261 460 3318 quoe
487 3241 584 3301 adhuc
606 3242 744 3301 visuntur
770 3242 936 3300 litterarum
959 3243 1099 3320 vestigia:
1132 3244 1222 3303 homo
1244 3244 1311 3321 ipse
1332 3255 1421 3304 notus

90 3346 182 3422 est.⁶)
626 3415 627 3420 η

175 3447 224 3507 De
247 3448 284 3506 iis
307 3447 358 3523 qui
380 3454 495 3506 restant
516 3447 612 3506 tribus

176 3550 211 3621 Q.
235 3549 354 3609 Solonio
377 3547 418 3625 (l)
449 3549 483 3620 Q.
500 3552 528 3623 s.
549 3545 620 3621 Qui.
644 3547 707 3623 (vel
733 3548 814 3626 Ouf.)
838 3547 940 3624 Lonpo
963 3547 1004 3624 (l)

175 3693 816 3712 ...........................
838 3652 978 3722 Quartino

178 3752 210 3812 C.
235 3755 280 3813 Fi.
409 3755 458 3812 vel
483 3753 512 3813 C.
538 3753 661 3813 Fu...

89 3875 149 3915 non
173 3856 267 3946 hebeo
290 3856 371 3932 quod
386 3854 494 3925 dicam,
516 3874 613 3932 neque
636 3856 672 3912 de
695 3854 811 3914 Lucilio
826 3855 976 3931 Africano,
999 3875 1181 3934 quemquam
1204 3861 1349 3918 senatorii
1372 3879 1417 3917 or·

86 3959 165 4018 dinis
182 3960 256 4029 viro,
278 3968 404 4034 genteve
426 3958 491 4016 eius
514 3976 593 4034 quse
614 3957 773 4016 latifundia
794 3959 824 4017 in
847 3959 1001 4034 provincie
1018 3960 1122 4019 Africo
1142 3961 1316 4038 possedisse
1339 3964 1418 4022 vide·

87 4072 145 4132 tur,
168 4063 327 4137 quicquam
349 4060 480 4139 reperire
501 4060 594 4138 potui.

173 4160 348 4240 Signotores
376 4171 406 4222 et
438 4163 473 4235 ii,
501 4163 551 4240 qui
574 4163 689 4222 scribae
712 4162 863 4236 dicuntur,
893 4173 922 4222 et
942 4165 1051 4241 reliqui
1075 4166 1165 4224 simul
1185 4167 1330 4227 nominati
1353 4188 1418 4227 cum

86 4265 219 4324 libertini
242 4266 312 4336 sint,
335 4266 444 4325 obsunt
465 4275 584 4341 petrum
607 4266 728 4324 nomina
749 4266 914 4342 tribusque.

89 4476 294 4485 ---———--

165 4623 188 4685 ¹)
215 4626 363 4676 Mommsen
381 4626 491 4674 Hermes
511 4625 527 4675 3
547 4641 571 4690 p.
595 4623 637 4674 76.

164 4714 188 4777 ²)
218 4717 314 4769 Gruter
333 4717 395 4779 446,
418 4720 443 4768 4.

163 4806 187 4870 ³)
213 4810 296 4860 Inscr.
317 4810 400 4874 Neep.
422 4809 484 4860 645.

162 4899 186 4962 ⁴)
213 4901 417 4966 Ulp.1>ig.36‚
441 4905 465 4962 1,
489 4883 689 4964 1651734'0,
711 4902 735 4964 5,
758 4903 793 4952 so
812 4900 826 4964 e
846 4903 871 4951 c.
911 4901 1022 4953 earlier.
1041 4904 1103 4969 mg.
1124 4905 1167 4965 42,
1190 4906 1214 4966 1,
1236 4905 1280 4955 31.
1362 4895 1364 4900 '

163 4991 186 5053 ⁵)
215 4994 293 5060 Corp.
314 4995 337 5043 V
357 5010 382 5058 p.
404 4993 465 5044 339.

163 5081 186 5146 ⁶)
213 5087 244 5136 ci.
264 5087 412 5138 Mommsen
432 5087 490 5138 ind.
510 5087 579 5136 Plin.
599 5086 640 5136 ed.
660 5087 720 5137 Keil
739 5103 764 5152 p.
785 5085 847 5136 409.

183 5315 189 5346 l
