3450 5820
535 499 728 556 PANNONIA
748 505 933 556 INFERIOR.

583 914 717 975 sinus
741 915 783 993 (p.
799 917 883 992 aaa).

68 1174 132 1235 MS
156 1174 250 1233 Grani
272 1194 333 1249 rep.
357 1192 403 1231 am
426 1173 588 1248 Zieqelosen
610 1173 728 1230 beiden
752 1173 989 1248 Capitellrdasera
1011 1173 1042 1231 in
1065 1172 1266 1231 fundamentis
1289 1174 1395 1232 domus

109 1277 279 1348 cuiusdam:
301 1276 395 1334 altera
416 1293 486 1352 pars
509 1282 594 1332 extat
616 1274 694 1350 apud
716 1275 892 1334 canonicum
907 1273 1042 1348 Knauss,
1065 1276 1160 1334 altera
1181 1275 1211 1334 in
1234 1275 1395 1350 archiepis·

109 1381 205 1458 capio·

380 1579 914 1696 investiens-cinssnnss
951 1641 1003 1682 on
1040 1641 1096 1682 nn

379 1741 690 1784 vssenninisnvs
708 1697 748 1840 {a
768 1742 910 1784 vstsus
936 1742 1096 1785 sanuses

387 1842 913 1888 concosoissnnivacrouss
935 1846 1096 1888 usnimi

380 1946 420 1989 sc
454 1945 709 1989 nnivnensnouss
754 1947 927 2002 asmesnoys
967 1947 1097 1989 svnvsn

327 2054 338 2092 a
376 2049 507 2092 vuvaos
537 2047 612 2090 cvm
640 2048 819 2091 ivurisvs
858 2048 992 2092 sonum
1029 2049 1095 2092 cns

379 2151 511 2194 nnouvn
532 2153 552 2191 s
580 2087 788 2194 rummiens
818 2150 1093 2193 svnonmsnno

383 2255 450 2295 nvn
468 2252 945 2296 consvnosnsinesnsnvnr
981 2253 1095 2295 oisuo

380 2356 478 2397 nsnns
490 2354 615 2410 sQuno
628 2356 678 2398 vc
713 2357 811 2398 oanis
833 2354 900 2398 inno
928 2355 1096 2410 soyinvn

381 2457 587 2511 rsmrvrnovs
620 2457 804 2500 cvra-runs
840 2456 1094 2500 svovsnrsno

311 2565 336 2602 ιο
379 2545 690 2603 vttiniricttaus
722 2558 1096 2618 vusrovcsvntumrns

379 2686 492 2727 nvmtnl
523 2685 694 2728 ctsmsnms
712 2687 739 2741 ζ,
758 2684 865 2727 EORVM
894 2681 1095 2728 nlcsttsstmts

61 3022 222 3098 Descripsi
246 3029 401 3096 utramque
424 3029 539 3094 partem
561 3029 590 3078 et
612 3020 754 3078 coniunxi
777 3021 861 3078 inre
883 3021 1044 3095 praesenti.

106 3125 222 3185 Similis
244 3132 291 3181 est
310 3123 387 3181 tituli
408 3143 437 3180 n.
455 3121 534 3180 3653
558 3122 667 3180 ibidem
693 3123 819 3198 reperti,
847 3122 900 3180 sed
926 3120 974 3179 hic
1001 3130 1098 3178 aetate
1120 3119 1272 3196 praecedit
1299 3121 1392 3198 scrip·

60 3239 110 3287 tus
139 3237 299 3301 antequam
323 3223 488 3284 Gratianus
511 3224 666 3302 Augustus
692 3225 789 3282 sactus
815 3234 862 3282 est
888 3224 936 3281 die
965 3221 1003 3280 24
1025 3226 1104 3297 Aug.
1129 3221 1204 3292 367,
1232 3231 1391 3296 postquam

61 3329 205 3406 Equitius
227 3329 325 3387 factus
352 3337 398 3384 est
419 3329 561 3403 magister
584 3327 724 3398 rnilitum,
751 3327 782 3384 id
804 3327 883 3402 quod
907 3324 1084 3382 Ammianus
1113 3321 1162 3392 26,
1186 3323 1214 3394 5,
1240 3325 1275 3380 11
1300 3327 1392 3402 signi-

62 3433 133 3491 ficat
155 3432 289 3489 evenisse
312 3447 339 3486 a.
357 3428 416 3488 365
440 3439 576 3499 exeunte,
600 3439 629 3486 et
643 3437 726 3486 extat
748 3429 921 3492 constitutio
937 3426 1006 3484 data
1028 3427 1055 3484 d.
1073 3424 1155 3501 Sept.
1173 3424 1212 3482 24
1235 3427 1304 3484 anni
1327 3428 1391 3486 eius

61 3535 183 3592 adeum
199 3533 335 3591 comitem
351 3540 380 3588 et
395 3532 569 3607 magistrum
587 3531 722 3588 militum.
760 3531 872 3587 Mansit
886 3539 983 3588 autem
995 3530 1026 3586 in
1042 3528 1141 3585 officio
1157 3527 1297 3603 Equitius
1313 3539 1391 3587 certe

61 3637 99 3694 ad
123 3657 148 3693 a.
163 3635 221 3694 373
247 3634 409 3711 (Ammian.
424 3633 473 3704 29,
487 3634 515 3704 6,
527 3634 569 3708 3).
615 3633 718 3708 Itaque
742 3633 918 3709 disponente
934 3631 1056 3708 Equitio
1076 3630 1153 3688 inter
1169 3641 1340 3688 autumnum
1363 3653 1390 3690 a.

61 3738 123 3797 365
146 3747 175 3795 et
196 3745 369 3794 autumnum
392 3756 419 3792 a.
444 3736 502 3793 367
527 3747 692 3793 castrorum
717 3723 905 3793 Salv'ensium
929 3733 1129 3791 fundamentis
1152 3733 1260 3807 positis
1283 3733 1390 3791 deinde

60 3862 88 3899 a.
113 3840 168 3897 371
195 3840 308 3916 burgus
331 3837 549 3896 Commeroium
573 3839 668 3896 faetus
691 3847 746 3908 est,
770 3838 854 3894 ouius
878 3843 925 3894 est
947 3836 1050 3893 titulus
1073 3855 1100 3893 n.
1123 3834 1212 3893 3653.
1257 3835 1390 3912 Burgum

60 3961 129 4000 eum
153 3949 184 3998 ut
207 3942 279 4000 fecit
297 3941 454 4000 Foscanus
477 3940 528 4015 qui
551 3941 668 4011 dicitur,
697 3941 883 4018 praepositus
910 3938 1038 4014 legionis
1067 3939 1180 4012 primae
1202 3937 1389 4009 Martioruni,

59 4046 104 4103 ita
127 4052 225 4102 eastra
245 4043 325 4101 facta
347 4050 417 4102 sunt
439 4052 556 4100 curante
570 4042 749 4118 Aapuatiano
773 4044 842 4100 duro
860 4039 1020 4116 Vadatur)
1045 4041 1152 4110 limitis,
1174 4058 1262 4114 quem
1285 4040 1389 4098 ducem

60 4147 110 4204 his
138 4146 212 4203 locis
233 4145 401 4221 praefuisse
429 4145 502 4202 satis
529 4153 645 4202 constat
667 4165 706 4203 ex
725 4143 842 4202 Notitia
861 4144 1049 4219 Dignitatum
1072 4161 1133 4200 occ.
1158 4160 1186 4217 p.
1204 4139 1252 4198 23.
1276 4142 1315 4200 94
1339 4142 1388 4218 (of.

60 4248 120 4306 vol.
142 4247 187 4305 111
210 4269 239 4324 p.
256 4246 341 4322 416),
365 4247 457 4305 suisse
481 4248 535 4305 sub
559 4246 754 4323 dispositione
781 4247 917 4324 magistri
944 4245 1069 4303 militum
1098 4263 1151 4319 per
1173 4242 1328 4319 Illyricum
1351 4265 1389 4304 ex

59 4353 118 4409 hoo
133 4350 218 4408 titulo
234 4359 366 4425 apparet.
412 4347 470 4408 Sed
487 4348 523 4405 de
544 4349 651 4407 litteris
667 4369 743 4424 quae
766 4350 795 4406 in
818 4349 1017 4426 prioreparte
1039 4367 1065 4404 v.
1085 4349 1122 4405 10
1144 4356 1212 4405 sunt
1234 4347 1390 4406 sueruntvo

56 4473 120 4511 non
143 4453 216 4522 satis
239 4460 365 4509 constat.
412 4450 496 4523 Quae
519 4452 633 4509 delatae
656 4461 735 4522 sunt,
764 4453 830 4512 solo
854 4452 970 4510 scribae
993 4451 1078 4527 lapsu
1106 4449 1154 4508 hio
1177 4449 1315 4507 videntur
1336 4469 1389 4525 po·

56 4557 136 4613 sitae
163 4555 270 4624 fuisse,
294 4573 348 4611 neo
369 4553 497 4612 fortasse
520 4537 599 4612 aliud
622 4555 663 4612 ibi
686 4555 742 4612 suit
764 4573 853 4630 quam
877 4570 897 4608 ν
912 4582 919 4596 ·
936 4568 955 4611 c
972 4583 978 4597 ·
994 4568 1109 4612 conns
1131 4553 1209 4609 male
1231 4553 1389 4627 repetitum

57 4677 98 4715 ex
128 4676 154 4714 v.
171 4656 199 4714 8.
243 4655 330 4729 Quod
354 4656 489 4730 sequitur
513 4673 548 4714 en
571 4656 692 4732 (deinde
715 4663 814 4732 potest
836 4657 961 4730 periisse
984 4655 1083 4712 littera
1105 4674 1166 4712 una
1188 4655 1327 4731 angusta)
1351 4672 1389 4713 ve

55 4759 121 4834 (vel
140 4757 183 4832 vt)
211 4766 240 4814 et
262 4757 360 4833 ipsum
384 4758 557 4832 impeditum
580 4768 635 4827 est,
659 4758 711 4815 sed
733 4777 799 4815 oum
822 4767 851 4814 et
873 4757 1140 4832 perfectissimatus
1162 4757 1303 4815 indicatio
1326 4778 1388 4816 om·

53 4863 129 4921 nino
152 4860 321 4935 requiratur
343 4859 394 4934 (of.
419 4860 543 4918 votui
566 4878 593 4934 p.
613 4860 706 4934 1157)
736 4868 763 4917 ot
785 4869 810 4918 et
833 4860 1011 4919 vocabulum
1033 4859 1160 4918 alterum
1181 4860 1313 4918 offitium
1335 4862 1387 4919 da·

52 4964 144 5040 gitet,
174 4971 246 5038 puto
273 4963 316 5020 ita
343 4963 505 5039 significari
530 4967 725 5037 praepositum
754 4964 850 5038 (operi
874 4961 1000 5037 scilicet)
1028 4967 1119 5019 airum
1140 4965 1387 5038 perfectissimam,

50 5083 238 5142 quamquam
260 5084 318 5122 non
341 5065 446 5140 ignoro
469 5064 657 5122 scribendum
679 5063 771 5123 fuisse
794 5065 893 5140 potius
916 5085 940 5122 a.
961 5085 992 5140 p.
1013 5083 1060 5139 pr.
