3510 5820
917 507 1068 568 euanuit

573 689 736 748 Trebulano
757 687 891 748 Modesto
912 690 1023 749 ibidem
1046 689 1071 748 Ι.
1087 689 1127 750 Ν.
1147 687 1235 748 titt,

571 791 602 851 C.
615 790 821 867 l’reb(ulanue)
839 792 962 852 Cerialia
978 794 1009 852 in
1024 791 1178 871 signaculo
1188 789 1391 868 Neapolitano
1401 789 1430 852 1.
1443 785 1488 848 N,
1497 788 1591 860 6310,
1603 805 1657 860 ²2¹3

652 894 696 952 ita
715 894 794 953 euim
815 895 933 954 videtur
954 894 1130 954 solvendum
1152 913 1228 954 esse.

570 995 721 1055 Trebulae
742 997 897 1056 Mutuesca
917 1007 948 1057 et
969 995 1083 1056 Sciens
1104 994 1284 1057 Sabinorum
1307 996 1418 1074 oppida
1439 1001 1511 1054 nota
1531 1004 1612 1053 suut.

325 1094 502 1158 ‘Turrinus
576 1097 716 1158 &aecum
738 1109 772 1169 te,
795 1099 909 1169 Albuci,
932 1119 1017 1176 quoni
1038 1101 1197 1158 Romanum
1219 1109 1304 1176 atque
1326 1097 1474 1168 Selicium,

574 1205 741 1277 municipem
761 1202 856 1274 Ponti,
882 1202 1003 1274 Tritani,
1025 1205 1225 1272 centurionum,

567 1304 785 1380 praeclarorum
806 1305 947 1362 lominum
968 1323 1003 1364 ac
1021 1309 1180 1380 primorum
1201 1307 1424 1382 siqniferamquc

570 1406 698 1465 molienti
717 1395 776 1466 dici
805 1406 942 1466 Lucilius
965 1406 1044 1484 apud
1067 1405 1242 1466 Ciceronem
1263 1407 1301 1464 de
1322 1405 1496 1478 1111.1,3,“’9
1521 1405 1594 1478 (inc.
1610 1403 1657 1461 IX

655 1510 765 1586 Mill).

575 1610 702 1689 Corpora
723 1631 802 1671 cccco
827 1613 878 1670 sed
898 1615 1008 1671 eximiis
1029 1611 1137 1670 uiribus
1163 1612 1309 1670 Tritanum
1328 1615 1360 1669 in
1379 1611 1555 1687 qladiotorio
1579 1609 1658 1679 lodo,

573 1712 744 1773 Samnitium
776 1724 924 1773 annotma
956 1714 1087 1774 celebrem
1094 1757 1104 1785 ,
1131 1714 1281 1790 filiumque
1312 1716 1371 1772 eiua
1403 1713 1519 1788 militem
1548 1711 1660 1786 Maeni

571 1816 701 1892 Pompei,
729 1860 820 1876 .....
847 1826 949 1876 auctor
974 1826 1016 1875 est
1036 1817 1130 1876 Varro
1156 1820 1185 1874 in
1202 1817 1436 1893 prodiqinsorum
1458 1817 1559 1872 uirium
1581 1813 1658 1870 rela-

572 1922 655 1992 tiona,
676 1930 761 1996 atquc
783 1923 868 1978 etiam
885 1921 990 1978 lostam
1005 1919 1040 1977 ab
1056 1939 1086 1978 eo
1102 1938 1135 1977 ca
1146 1923 1349 1994 provocatione
1363 1918 1540 1975 dimicantem
1554 1917 1660 1976 inermi

572 2023 687 2080 damna
715 2041 770 2079 uno
798 2023 887 2098 dicito
913 2031 1077 2099 superatum
1104 2030 1131 2078 et
1151 2032 1295 2097 postremo
1322 2029 1480 2096 correptum
1506 2023 1659 2076 incontra

571 2125 708 2184 maiatum
723 2123 839 2182 Plinius
855 2123 872 2181 7
896 2124 913 2200 ξ
929 2124 965 2183 81
990 2123 1152 2182 secundum
1168 2123 1324 2182 lectionem
1339 2121 1523 2193 Detlefseui;
1545 2119 1584 2178 ci.
1602 2117 1659 2178 So·

570 2227 651 2286 linus
668 2227 696 2300 1,
711 2207 750 2286 '75
773 2225 840 2302 (ubi
859 2226 1025 2285 Tritannum
1047 2245 1085 2284 ex
1101 2225 1185 2285 libris
1198 2225 1319 2302 scriptis
1333 2225 1539 2284 Mommsenus
1554 2221 1658 2292 dedit3

572 2330 652 2404 quod
679 2327 789 2387 ibidem
816 2329 914 2386 editur
940 2339 1046 2387 natura
1067 2329 1221 2388 Samnitem
1247 2327 1461 2387 emendandum
1489 2345 1529 2388 ex
1553 2325 1659 2383 Plinio

572 2431 603 2489 iu
625 2441 775 2490 annonara
798 2431 977 2506 Samnitem).

614 2533 708 2593 Recte
734 2535 764 2592 ni
791 2513 881 2592 fallor
903 2533 1035 2592 Orellius
1063 2544 1210 2592 onomast.
1234 2533 1316 2592 Tull.
1344 2552 1374 2609 p.
1395 2529 1455 2592 585
1484 2531 1521 2588 de
1550 2529 1658 2588 eodem

573 2635 692 2695 homine
713 2636 867 2695 rettulisse
889 2637 993 2695 statuit
1014 2645 1074 2694 tam
1091 2636 1239 2694 Lucilium
1260 2653 1350 2712 quam
1364 2633 1538 2694 Varronem.
1575 2631 1657 2690 Nam

574 2738 655 2815 quod
677 2738 847 2814 Madvigius
875 2757 969 2814 nuper
995 2745 1100 2797 contra
1127 2738 1204 2797 dixit
1229 2738 1259 2796 in
1282 2736 1412 2798 editione
1431 2736 1544 2796 celebri
1565 2734 1659 2793 libro-

572 2861 637 2899 rum
663 2841 699 2900 de
719 2841 840 2912 tinibus,
868 2841 951 2900 illam
974 2849 1101 2899 aetatem
1122 2859 1181 2900 nou
1204 2839 1316 2900 vidisse
1336 2838 1532 2918 gladiatorem
1554 2847 1658 2896 centu-

573 2944 700 3017 rionem,
729 2962 787 3003 nou
813 2951 893 3002 recte
920 2954 992 3021 puto
1019 2943 1138 3002 obiecit.
1182 2943 1285 3000 Potuit
1310 2943 1389 3002 enim
1411 2941 1463 3019 qui
1485 2951 1573 3000 autea
1594 2940 1660 3016 gla-

573 3046 670 3106 diator
690 3045 787 3104 fuerat
808 3045 923 3122 etipse
945 3054 1052 3121 postea
1074 3053 1260 3105 sacramento
1283 3044 1362 3103 dicto
1378 3044 1464 3104 miles
1479 3044 1554 3115 fieri,
1577 3043 1661 3102 simi·

573 3148 642 3207 liter
663 3159 697 3207 ut
717 3143 813 3207 fflium
828 3148 893 3206 eius
912 3148 1034 3206 militem
1050 3147 1189 3224 Pompeii
1205 3149 1300 3206 luisse
1316 3147 1530 3225 comperimu83
1552 3145 1661 3204 deiude

573 3269 644 3309 vero
665 3270 711 3309 ne·
725 3251 826 3309 dicunt
840 3249 959 3328 quidem
975 3249 1086 3309 Lucilii
1102 3252 1202 3322 verba,
1224 3268 1302 3328 quae
1319 3249 1551 3319 centurionibus,
1572 3267 1661 3326 prue-

573 3353 663 3412 claris
685 3353 866 3424 hominibus,
888 3353 1077 3430 primoribus,
1101 3352 1253 3430 signiferis
1272 3351 1417 3410 Romanis
1432 3349 1582 3410 Graecum
1605 3369 1661 3427 op·

573 3465 697 3531 ponunt,
719 3455 878 3514 Tritanum
900 3455 1103 3514 centurionem
1125 3455 1226 3526 luisse,
1249 3464 1281 3514 ut
1301 3454 1427 3513 Pontius
1448 3453 1501 3512 ille
1522 3453 1660 3512 centurio

574 3565 648 3630 erut,
669 3576 757 3634 quem
780 3559 891 3617 diserte
910 3558 940 3615 T.
960 3557 1094 3616 Pontium
1116 3561 1305 3615 centurionem
1327 3554 1433 3617 Cicero
1455 3556 1531 3616 dixit
1551 3573 1661 3613 eorun-

574 3662 640 3719 dem
664 3661 729 3719 siue
750 3661 839 3720 dubio
853 3659 963 3719 Lucilii
985 3679 1123 3719 versuum
1145 3678 1258 3718 memor
1271 3660 1303 3717 iu
1319 3657 1433 3718 Catone
1450 3658 1498 3729 10,
1515 3659 1564 3718 33.
1602 3655 1661 3716 Oe·

575 3773 669 3822 terum
695 3764 815 3824 natione
838 3761 981 3823 Sabinum
1007 3763 1102 3821 fuisse
1124 3762 1283 3821 Tritanum
1306 3761 1405 3834 illum,
1435 3759 1573 3819 Pontium
1600 3759 1659 3818 Ro-

575 3885 711 3937 manum,
738 3867 842 3924 eadem
868 3864 977 3924 Lucilii
1007 3867 1097 3924 verba
1126 3875 1228 3941 aperte
1256 3862 1397 3924 iudicant.
1439 3861 1558 3922 Nomen
1589 3881 1661 3921 vero

574 3967 696 4027 aliunde
723 3988 781 4027 uon
808 3977 926 4038 uotum;
954 3968 1069 4026 terendi
1091 3968 1178 4026 radix
1201 3967 1303 4043 aliqua
1322 3967 1437 4025 ratione
1458 3973 1558 4042 potest
1579 3983 1661 4023 com-

573 4071 674 4145 parari
688 4070 817 4146 itemque
834 4080 937 4129 trulum
948 4069 1060 4129 Oscum
1074 4069 1251 4130 vocabulum
1266 4068 1343 4146 legis
1355 4068 1501 4127 Bantiuae
1517 4067 1557 4143 (v.
1573 4067 1638 4142 15).

616 4172 707 4230 Trica
733 4180 818 4230 vetus
843 4171 983 4230 Dauniae
1010 4173 1095 4244 urbs,
1124 4189 1213 4249 quam
1239 4173 1297 4230 iam
1321 4169 1471 4230 delevisse
1493 4167 1660 4228 Diomedes

574 4274 747 4333 trudebatur
768 4275 911 4350 cuiusque
933 4294 1000 4333 cum
1016 4275 1135 4350 Apiuae
1157 4293 1264 4333 nomen
1286 4274 1316 4332 in
1340 4273 1489 4348 proverbii
1510 4272 1660 4330 ludicrum
1743 4263 1752 4324 ‘T

574 4395 694 4435 versum
709 4378 752 4435 ait
765 4376 884 4435 Plinius
901 4376 918 4434 3
935 4375 951 4453 ξ
966 4377 1024 4434 104
1045 4375 1128 4451 (vide
1141 4375 1319 4436 Mommseni
1335 4375 1404 4434 dial.
1420 4375 1458 4434 It.
1474 4374 1524 4432 iuf.
1548 4395 1577 4451 p.
1593 4375 1660 4450 91),
1738 4382 1752 4396 ”

575 4479 697 4538 Tricaui
729 4498 836 4538 nomeu
868 4478 956 4538 facile
988 4479 1169 4556 explicarem
1203 4478 1256 4539 sed
1283 4479 1381 4536 locum
1411 4479 1498 4536 etiam
1526 4477 1661 4552 aliquem
1738 4459 1753 4518 ’ἶ

574 4589 677 4640 extnre
700 4581 831 4656 potuisse
853 4580 941 4640 Trita
961 4581 1072 4640 dictum
1094 4581 1162 4657 quis
1185 4579 1357 4659 negaverit?

330 4681 513 4742 Tvutcnuvs
580 4661 733 4744 Tuticanus
757 4681 856 4742 Ovidii
884 4683 1019 4760 aequalis
1045 4694 1074 4741 et
1095 4684 1210 4742 amicus
1236 4682 1289 4759 (ex
1310 4682 1409 4741 Ponto
1432 4681 1460 4752 4,
1484 4679 1531 4753 tt,
1552 4679 1659 4751 loss.;
1750 4669 1752 4678 ’

660 4787 711 4858 14;
729 4783 777 4857 12,
793 4784 863 4844 tls.
885 4785 934 4856 16,
948 4784 1012 4862 lt),
1034 4787 1085 4862 qui
1105 4785 1303 4844 Phaeacidem
1327 4784 1458 4860 scripsit,
1478 4785 1521 4846 ita
1543 4782 1661 4859 simpli·

657 4887 730 4946 citer
752 4889 862 4947 dicitur
886 4889 995 4965 ubique
1016 4888 1097 4947 nullo
1120 4907 1174 4946 nec
1195 4875 1387 4965 praenomine
1409 4905 1464 4944 uec
1485 4885 1660 4962 cognomine

657 4991 781 5050 adiectu.

577 5095 608 5154 C.
642 5094 796 5154 Tuticanum
828 5095 943 5170 Sopltro
977 5093 1093 5152 Romae
1125 5092 1156 5150 iu
1189 5109 1293 5150 museo
1314 5090 1461 5150 Vaticano
1491 5090 1564 5166 coll.
1599 5089 1660 5165 lap.

656 5205 771 5275 parent.
788 5197 829 5270 ll,
852 5197 950 5260 bisin
973 5197 1076 5254 eodem
1099 5195 1209 5270 lapide.
1251 5193 1338 5253 Vidit
1360 5193 1530 5252 Henzeuus.
