3510 5820
490 553 492 558 ·
597 547 748 598 cremer
765 547 960 600 unsarans.
1395 526 1439 602 19

108 717 270 778 Niebubrii
293 737 332 778 ox
354 721 419 778 eod.
441 719 507 779 Pal.
531 722 705 799 apographo
726 739 801 780 usus
824 722 870 780 ed.
891 719 1016 780 Boeolrh
1039 717 1221 780 c.1.2173.

195 822 232 880 In
254 822 395 882 Palatino
422 841 529 882 manus
555 824 704 884 recentior
724 823 818 882 verba
844 827 949 907 θερμια
975 830 1006 881 et
1032 813 1141 880 εὗακὸω
1168 829 1249 882 reeta
1269 822 1379 881 lineola
1400 823 1443 882 di·

110 924 228 997 stinxit,
249 943 309 1002 quo
331 944 390 983 non
413 933 474 984 tam
489 943 594 986 versus
617 927 703 986 aliter
724 926 870 986 divideret
891 943 981 1004 quam
1003 927 1145 984 maiorem
1164 924 1356 1002 intellegendi
1372 924 1443 984 faoi·

109 1025 227 1084 litatem
249 1026 396 1086 redderet.

194 1121 284 1190 diruo
305 1149 359 1189 our
380 1130 452 1190 mihi
475 1142 646 1210 suspeetum
669 1133 708 1192 sit
728 1132 808 1191 iufra
828 1130 925 1190 dioam
948 1130 987 1188 ad
1008 1149 1037 1189 n.
1054 1129 1173 1189 XXVI.

108 1423 224 1520 mu
260 1425 376 1485 Ibidem
397 1425 472 1486 Pau.
515 1425 592 1486 Item
613 1426 652 1486 ad
672 1445 872 1500 marmoream
893 1425 982 1484 basin
1005 1424 1091 1484 iuxta
1111 1424 1242 1484 thermas
1265 1423 1330 1482 Pal.

649 1626 777 1715 ’spese
798 1627 884 1716 τύχα

196 1737 216 1796 ci
243 1729 342 1805 [Io'ldm
367 1730 415 1797 uui
436 1735 450 1796 ὅ
472 1733 563 1810 δᾶμος
585 1739 590 1817 Ι
614 1731 778 1806 {rainonem
799 1735 867 1824 adp.
891 1739 896 1817 Ι
918 1729 1142 1822 ’A[pr]euidwpov
1161 1726 1353 1822 ’Apreutdm'pw
1377 1737 1382 1816 Ι
1404 1737 1447 1795 roi

193 1834 326 1904 ‘recordo
353 1833 553 1920 Βο[λ]λευἸταν
579 1833 879 1919 ἆγωνοθεῆηᾚαντα
902 1841 906 1918 Ι
929 1830 977 1898 uel
1003 1829 1351 1924 παν[α]γυριαρχῆσαντα
1374 1835 1379 1921 Ι
1402 1837 1445 1897 ε’ν-

197 1935 293 2026 δόξως
313 1933 362 2001 καὶ
385 1936 573 2021 (psalernitana.

108 2154 159 2212 Ex
182 2153 341 2214 Niebuhrii
363 2155 538 2233 apographo
560 2155 607 2214 ed.
629 2154 752 2214 Boeolrh
774 2153 811 2215 Ο.
825 2156 850 2214 Ι.
868 2154 958 2215 2190.
996 2153 1032 2214 In
1054 2155 1120 2213 eod.
1142 2153 1209 2213 Pal.
1232 2154 1378 2214 omissum
1400 2161 1446 2214 est

108 2247 225 2332 destiti-a
252 2247 353 2334 τύχα,
381 2257 433 2316 sed
460 2258 554 2316 invito
580 2257 717 2330 librario,
746 2258 798 2334 qui
823 2257 944 2316 titulum
969 2257 1148 2316 minusculis
1174 2256 1282 2316 iterum
1312 2257 1445 2317 scribens

109 2357 271 2416 formulam
294 2358 417 2418 addidit.
433 2392 474 2404 -
494 2351 693 2444 Ἀρτεμίδωρον
709 2359 794 2418 ‘reete
814 2359 877 2418 cod.
893 2360 960 2419 Pal.
994 2359 1192 2418 Difficultatis
1207 2359 1320 2436 aliquid
1336 2360 1447 2418 habent

110 2480 191 2538 qnae
217 2459 376 2520 traduntur
399 2452 580 2544 Ἀρεμῖδωρον
604 2465 631 2517 θ
655 2465 974 2520 ΤΟΥΤΩΥΜΕΝΑΙΩ.
1019 2459 1104 2534 Quae
1131 2462 1190 2520 nisi
1217 2461 1293 2519 forte
1322 2463 1445 2539 gravius

111 2571 256 2640 corrupta
278 2563 348 2636 sint,
369 2581 471 2621 verum
487 2563 599 2622 vidisse
615 2563 800 2623 Boeokhium
822 2572 934 2642 putem,
957 2563 1009 2640 qui
1031 2565 1083 2620 τοῦ
1103 2563 1222 2622 delevit.
1259 2561 1307 2624 cf.
1327 2563 1447 2622 titulum

90 2663 342 2741 ·Philadelphiae
364 2666 444 2745 apud
465 2663 564 2724 Lebae
586 2665 723 2726 111649:
754 2671 793 2724 M.
815 2662 884 2750 adp.
906 2655 1044 2750 Διὲδωρον
1062 2669 1096 2722 θ.
1118 2667 1172 2724 τοῦ
1190 2655 1333 2735 Ἀδμήτου
1356 2653 1447 2749 ἄνδρα

110 2757 286 2836 βουλευτήν.
330 2764 500 2844 scripserat
525 2769 637 2845 aliquia
659 2770 725 2836 rod,
753 2777 822 2844 post
842 2768 993 2828 intellecto
1016 2787 1116 2828 errore
1139 2768 1294 2828 subiunxit
1315 2769 1369 2836 roi,
1396 2768 1448 2828 de·

109 2869 174 2928 lere
202 2869 314 2928 oblitus
339 2869 486 2929 vitiosum
511 2871 577 2938 τοῦ,
604 2889 746 2949 errorque
772 2871 841 2931 hino
868 2872 899 2930 in
925 2871 985 2931 duo
1012 2889 1088 2948 quae
1113 2881 1248 2932 tenemus
1272 2871 1448 2950 apographa

109 2980 308 3051 propagatus.

109 3261 238 3322 XXIII.
282 3261 407 3321 Ibidem.

194 3471 231 3531 'A
244 3463 345 3538 Βδλλα
365 3461 414 3530 καὶ
435 3466 449 3529 ὅ
473 3466 563 3541 δᾶμος
577 3464 755 3556 Ilopvqht'o[v]
770 3464 989 3550 KeSfflqmauv
1010 3468 1090 3550 r[cl]v
1111 3463 1251 3558 eo’spyt'rtv
1272 3476 1326 3536 τᾶς
1340 3464 1446 3543 nimos,

198 3565 353 3658 θυγατέρα
368 3563 475 3658 Μάρκω
490 3566 592 3640 Pallia
615 3617 746 3635 .......
770 3565 937 3633 rasataim
960 3567 1085 3634 ὁπατῖκω
1107 3565 1154 3633 nai
1169 3567 1316 3646 Πομπηΐας
1327 3571 1446 3660 ’hypap-

192 3670 363 3755 mulsolap,
384 3667 561 3736 noerdo'nmdoe
583 3665 613 3734 δὲ
628 3667 734 3761 Μάρκω
751 3669 882 3748 Πομπηῖω
898 3669 1028 3762 Μακρῖνω
1045 3667 1273 3756 Θεὸ[φ]α’νν[ου],
1294 3678 1350 3736 τῶν
1371 3673 1447 3763 etiop-

199 3782 288 3856 γετᾶν
309 3769 357 3838 ani
378 3780 499 3838 κτιστοῖν
519 3779 574 3840 τοῖς
587 3769 702 3842 ‘nimam

110 3991 236 4050 Leviter
266 4003 407 4067 corrupta
438 3991 611 4064 emendavi,
645 3997 846 4050 correctorem
876 3979 1043 4068 Θεοφᾶννου
1071 3991 1150 4051 infra
1176 3991 1370 4067 probaturum
1398 4010 1447 4050 me

1 4129 19 4170 μ
112 4113 213 4169 spero.
258 4087 414 4156 παιδόπαις
440 4111 550 4153 novum
572 4093 750 4152 vocabulum
777 4101 839 4166 est,
854 4101 947 4169 reete
973 4100 1073 4153 tamen
1095 4093 1254 4154 formatum
1278 4101 1308 4153 et
1328 4102 1447 4154 senten·

1 4201 10 4220 ”
112 4196 175 4254 tiae
198 4196 399 4271 aptissimum.

200 4295 340 4357 Cornelis
362 4295 530 4375 Cethegilla
555 4297 689 4357 familiae
714 4317 774 4356 non
800 4305 863 4357 tam
889 4316 997 4376 genere
1024 4316 1114 4375 quam
1140 4298 1221 4357 fama
1241 4299 1447 4360 nobilissimae

10 4408 20 4442 r·
77 4379 80 4394 ’
113 4399 233 4458 ridetur
254 4400 355 4476 proles
378 4417 455 4459 esse.
500 4399 655 4478 Originem
681 4400 759 4458 enim
782 4399 890 4476 opinor
910 4420 929 4460 o
949 4399 1136 4479 Theophane
1157 4401 1341 4478 Mytilenaeo
1363 4420 1446 4478 repe·

9 4484 11 4487 ’
112 4502 170 4573 tiit,
194 4501 299 4579 Magni
313 4501 440 4579 Pompei
461 4503 558 4560 amieo
580 4521 739 4579 rerumque
760 4501 825 4561 eius
846 4502 927 4562 haud
945 4503 1061 4561 sincero
1076 4513 1257 4562 enarratore.
1286 4505 1316 4562 A
1330 4503 1447 4564 fautore

112 4621 169 4661 auo
191 4602 312 4662 civitate
325 4603 464 4663 Romana
484 4605 611 4663 donatus
633 4604 784 4681 quodnam
806 4591 913 4663 nomen
936 4605 1135 4683 adsumpserit
1157 4607 1184 4665 si
1198 4605 1379 4682 quaerimus,
1400 4625 1447 4665 re·

15 4756 16 4759 ,
111 4705 264 4781 spondere
286 4706 404 4770 videtur
424 4706 518 4766 Iulius
542 4705 730 4783 Capitolinus
755 4706 808 4765 vit.
831 4707 912 4766 Max.
936 4716 966 4766 et
986 4706 1072 4766 Balb.
1099 4725 1123 4765 o.
1142 4705 1175 4764 7:
1200 4702 1341 4767 ‘familiae
1363 4715 1447 4767 vetu-

9 4804 14 4811 ’
112 4806 267 4866 atissimae
293 4815 328 4866 ut
349 4809 413 4886 ipse
436 4809 554 4868 dicebat
575 4809 750 4886 (Balbinus)
772 4829 791 4868 a
811 4808 909 4868 Balbo
932 4807 1074 4869 Cornelio
1095 4808 1282 4886 Theophane
1302 4809 1447 4887 originem

17 4948 20 4949 ν
111 4908 236 4982 ducens,
264 4910 317 4986 qui
338 4929 392 4986 per
414 4908 471 4970 On.
492 4910 670 4989 Pompeium
694 4911 846 4970 civitatem
866 4920 1023 4984 meruerat,
1046 4930 1113 4972 oum
1136 4922 1217 4972 esset
1238 4931 1311 4972 suae
1331 4912 1448 4988 patriae

31 4997 33 5002 ⁵
110 5011 322 5070 nobilissimus
348 5011 487 5088 idemque
517 5013 661 5072 historiae
691 5011 835 5091 scriptor!
879 5011 1069 5090 Capitolinus
1096 5022 1150 5073 aut
1173 5015 1240 5090 ipse
1266 5033 1343 5091 quae
1364 5033 1447 5074 aoce-

109 5124 199 5192 perat
224 5113 417 5191 neglegenter
445 5114 562 5173 rettulit
586 5124 639 5174 aut
665 5116 786 5174 omniuo
812 5123 882 5174 tuno
907 5117 1052 5192 temporis
1074 5134 1147 5175 vera
1166 5118 1210 5176 rei
1232 5117 1375 5177 memoria
1395 5117 1447 5176 oh·

1200 5217 1219 5276 2
1226 5216 1242 5248 θ
