3540 5828
416 500 763 554 conuunrsrrouss
780 501 1057 554 urrnunrnrcsu
1076 502 1179 555 nnus.
1390 483 1459 554 167

128 671 234 732 harum
263 693 363 734 rerum
390 675 480 752 periti
506 694 554 734 ms
580 683 689 734 temere
717 685 749 734 et
776 693 831 752 pro
857 675 983 734 arbitrio
1010 694 1046 736 ea
1070 675 1189 735 Latinis
1216 676 1329 735 verbis:
1358 678 1461 751 cippis,

129 775 270 835 00010000
291 781 413 854 siphum,
435 777 628 849 denintunam,
649 778 740 838 solitis
756 777 922 842 reddidisse
937 777 1133 854 suspicentur,
1156 771 1216 836 alia
1237 777 1386 837 scribendi
1408 793 1461 854 op-

127 879 311 956 portunitate
333 879 435 939 oblata
456 899 503 939 me
525 881 709 957 argumentis
730 881 820 940 altius
843 880 979 958 repetitis
1002 899 1069 938 cum
1088 879 1238 958 elinguas
1259 879 1382 952 ratione
1397 886 1459 937 tum

128 999 168 1038 ex
190 981 430 1059 agrimensorum
457 981 619 1060 disciplina
644 993 737 1043 totam
764 983 853 1042 huius
881 981 1087 1058 inscriptionis
1113 981 1388 1060 interpretationem
1413 1001 1460 1040 re·

128 1090 294 1143 tracturum
316 1102 381 1144 esse
403 1085 569 1160 protessus.
606 1085 671 1145 Iam
692 1085 783 1164 igitur
800 1086 899 1162 percis.
918 1103 983 1160 per.
1007 1093 1094 1143 notae
1117 1083 1301 1161 supplendae
1323 1081 1461 1142 videntur

128 1185 168 1242 ad
185 1185 400 1263 per-s-k(u·is),
422 1186 557 1246 eiusdem
577 1187 691 1246 formae
705 1188 883 1248 vocabulum
899 1196 989 1263 atque
1003 1185 1177 1246 Umbricum
1195 1187 1335 1263 per-tas,
1357 1204 1458 1262 quam·

127 1288 176 1346 vis
199 1307 260 1347 non
281 1289 384 1348 eadem
408 1307 531 1365 prorsus
553 1273 784 1366 significatione
806 1289 909 1366 (Aufr.
938 1288 1058 1348 Kircbls.
1085 1289 1179 1348 Undr.
1210 1286 1299 1364 Sprd.
1321 1287 1366 1359 ΙΙ,
1384 1288 1458 1347 247.

130 1389 215 1466 413),
245 1390 348 1450 eadem
371 1391 465 1470 stirpe
487 1399 584 1451 ortum
607 1401 641 1450 ut
660 1410 722 1451 vox
742 1390 854 1450 Latina
873 1396 1018 1469 per-tica,
1040 1410 1109 1450 oum
1131 1407 1223 1450 sensu
1245 1391 1389 1466 stipitibus
1411 1390 1460 1449 vel

127 1497 232 1569 cippis.
274 1493 315 1553 Et
336 1495 476 1572 quoniam
498 1494 529 1553 in
551 1493 648 1553 titulis
671 1495 785 1553 viarum
808 1492 926 1553 Latinis
948 1495 1087 1571 frequens
1109 1501 1154 1552 est
1175 1492 1305 1551 formula
1326 1492 1457 1550 dicendi:

125 1599 204 1652 viani
226 1600 445 1656 terminaverunt
465 1599 569 1673 cippis,
591 1597 661 1655 huic
682 1595 844 1674 respondet
859 1595 943 1656 Osca
963 1597 994 1654 in
1017 1595 1104 1654 titulo
1126 1595 1353 1672 magistratuum
1369 1594 1457 1653 Pom-

125 1697 318 1774 peianorum:
351 1701 400 1758 cio
432 1708 628 1759 torennattens
651 1697 825 1775 persidam),
855 1698 886 1756 id
913 1697 994 1774 quod
1021 1698 1098 1756 bene
1125 1697 1276 1755 intellexit
1303 1694 1460 1770 Quaranta

125 1798 162 1873 (l.
179 1818 203 1858 c.
218 1820 254 1876 p.
272 1801 321 1860 67.
336 1800 400 1875 88).
437 1800 531 1872 Gutta,
553 1797 641 1877 quam
656 1819 760 1859 rocem
783 1800 814 1858 in
828 1799 928 1877 lapido
950 1801 998 1859 his
1013 1799 1120 1858 litteris
1137 1799 1278 1875 scriptam
1294 1815 1361 1857 esse
1380 1817 1458 1857 nunc

126 1919 246 1978 quoque
262 1903 435 1980 conspicere
451 1903 570 1978 poterit,
592 1902 769 1980 quicumque
785 1902 879 1961 oculis
893 1901 935 1960 uti
951 1901 1087 1973 voluerit,
1108 1902 1193 1961 nullo
1207 1900 1326 1977 linguae
1342 1901 1458 1958 ratione

125 2003 232 2062 eadem
255 2023 314 2063 vox
341 2013 441 2082 potest
467 2021 532 2064 esse
559 2023 594 2064 ac
619 2004 729 2065 Latina
757 2006 846 2079 cello,
873 2022 928 2063 000
953 2003 1095 2063 credibile
1123 2013 1168 2062 est
1194 2021 1259 2062 eam
1288 2002 1456 2080 significare

125 2107 259 2182 templum
281 2106 329 2166 vel
348 2109 454 2183 sanam
476 2107 696 2178 valescellam,
734 2125 801 2166 cum
828 2107 885 2165 hoc
912 2124 1004 2166 sensu
1029 2106 1060 2164 in
1088 2105 1208 2182 linguae
1230 2097 1328 2164 00000
1354 2122 1456 2164 mortu·

124 2208 235 2267 mentis
250 2209 414 2269 habeamus
428 2208 575 2268 vocabula
592 2209 723 2286 postlom,
740 2209 840 2285 fiisni,
856 2207 1045 2267 sulcarnlclom
1067 2206 1114 2283 (0.
1128 2209 1252 2285 Ansspr.
1266 2208 1312 2280 ΙΙ,
1325 2225 1358 2283 p.
1371 2206 1456 2294 1070,

127 2330 154 2370 0.
168 2309 199 2368 0.
221 2311 306 2384 1078,
322 2329 346 2370 0.
363 2311 392 2371 2.
413 2312 502 2387 1000,
518 2331 541 2370 0.
557 2313 585 2382 2,
601 2312 643 2370 00.
658 2310 687 2382 2,
710 2311 849 2382 00000,
870 2289 1014 2369 sommi.
1031 2311 1059 2369 0.
1080 2309 1149 2369 00.
1166 2309 1235 2387 Sp.
1252 2309 1348 2370 oron.
1363 2329 1396 2387 p.
1407 2312 1456 2370 04.

125 2413 176 2470 50.
191 2412 257 2488 40).
278 2413 385 2490 ltaque
397 2413 488 2472 caii-a
501 2412 632 2472 eiusdem
648 2413 751 2490 stirpis
768 2413 936 2490 similisque
951 2430 1056 2472 sensus
1071 2429 1140 2472 esse
1155 2412 1285 2471 arbitror
1298 2431 1333 2471 ac
1346 2410 1457 2471 Latina

128 2514 278 2573 vocabula
293 2517 437 2586 caii-ose,
461 2516 609 2586 coel-000,
633 2517 766 2576 nael-nm
788 2501 901 2594 „genus
911 2514 1094 2585 ferramenti,
1116 2532 1206 2591 quem
1221 2513 1309 2592 vulgo
1332 2517 1460 2574 cilionem

91 2696 97 2706 Ι
123 2618 253 2677 vocant“
276 2617 362 2693 (laid.
381 2618 462 2694 Orip.
478 2617 552 2690 XX,
575 2637 598 2678 o.
614 2619 643 2689 4,
661 2638 694 2696 p.
713 2617 798 2694 023),
820 2627 850 2678 et
872 2617 1074 2676 accusativum
1096 2617 1174 2694 sing.
1197 2617 1291 2676 coila.-
1317 2619 1458 2676 casiotum

122 2739 213 2797 opus,
240 2722 382 2780 caelatum
407 2724 519 2798 sipnsm
547 2721 737 2797 interpretor.
780 2717 860 2779 Nam
882 2720 962 2798 apud
984 2717 1134 2781 Samnites
1162 2738 1256 2778 aenea
1281 2719 1458 2797 caelataque

122 2822 213 2900 sigua
238 2822 319 2882 lovis
345 2823 532 2899 aliorumque
558 2822 681 2881 deorum
708 2823 740 2881 in
769 2841 827 2882 usu
854 2821 966 2894 luisse,
995 2823 1081 2881 docet
1106 2840 1232 2898 parrum
1257 2822 1339 2881 lovis
1367 2832 1458 2900 onput

122 2945 249 2984 aeneum
271 2927 303 2986 in
325 2943 399 3004 agro
421 2925 575 2985 Frentano
600 2933 753 3003 repertum
773 2943 842 2984 cum
864 2925 1060 3002 inscriptione
1082 2923 1166 2984 Osca
1192 2923 1362 3000 (Monstris,
1390 2923 1457 2984 Uni.

120 3027 209 3086 000.
232 3039 251 3088 i.
271 3027 339 3100 00,
361 3027 532 3105 00170).
576 3027 767 3086 000000
795 3007 1031 3100 nenne-saram,
1061 3027 1093 3085 in
1118 3045 1178 3104 quo
1205 3027 1305 3087 inesse
1332 3026 1456 3104 stirpem

122 3127 225 3189 Oscae
244 3129 361 3190 numeri
382 3129 498 3190 denarii
518 3129 602 3189 vocis
624 3129 683 3188 iam
706 3127 837 3190 Garucci
859 3129 933 3206 (1.0.
952 3149 985 3206 p.
1001 3130 1055 3206 35)
1077 3137 1107 3188 et
1129 3127 1456 3208 110010010οο000νο,-

121 3241 195 3290 runt
224 3233 258 3310 (i.
273 3251 297 3291 0.
315 3253 349 3309 p.
364 3233 435 3309 88),
462 3232 657 3309 repetendum
683 3233 826 3292 existimo
853 3251 872 3290 a
894 3232 1081 3293 substantivo
1108 3251 1179 3291 usco
1208 3230 1348 3304 deko·ia·,
1374 3231 1455 3307 quod

119 3335 286 3411 respondet
311 3333 453 3394 Umbrica
492 3334 627 3393 telon-ins
667 3352 734 3411 gen.
772 3334 849 3413 sing.
875 3329 945 3394 lem.
983 3335 1057 3412 (tob.
1081 3334 1163 3411 Ipso.
1186 3333 1262 3406 110,
1285 3336 1311 3394 1.
1365 3333 1454 3408 Aufr.

120 3435 245 3495 Kirchl.
268 3457 296 3496 o.
316 3437 411 3510 0.11,
432 3435 567 3513 336s.)‚
595 3436 812 3513 significatione
838 3455 898 3495 000
920 3435 1039 3496 divorso
1061 3456 1080 3495 0
1102 3435 1220 3497 Graeco
1243 3424 1356 3507 δικ-010,
1378 3434 1456 3494 unde

120 3538 343 3598 deiicis-rim
365 3547 486 3600 sensnm
508 3539 734 3598 decumana-m
755 3539 878 3616 accepit.
912 3535 1051 3615 Denique
1069 3523 1257 3626 ser-e-n·ki·d
1276 3540 1456 3614 interpretor

119 3640 295 3700 adverbium
318 3641 452 3701 eiusdem
474 3641 594 3718 generis
616 3650 650 3700 ut
670 3640 785 3701 Oscum
806 3641 978 3717 ατη-000101
1000 3667 1037 3690 =
1060 3642 1214 3718 iso-probs,
1241 3641 1380 3700 Latinum
1400 3642 1454 3715 fu·

118 3742 266 3815 01100000,
286 3743 447 3828 formatum
470 3763 489 3802 a
511 3744 604 3821 stirpe
626 3744 754 3803 nominis
777 3743 899 3816 ser-uo·‚'
916 3762 995 3820 quae
1016 3743 1097 3802 inest
1114 3744 1146 3802 10
1168 3743 1259 3802 verbo
1282 3743 1454 3801 (100000100-
1494 3741 1495 3744 ’

116 3845 185 3905 tivo
214 3865 366 3924 ser-o-o-rc
397 3855 427 3906 et
452 3845 601 3924 significat
626 3846 766 3919 solidum,
799 3855 898 3919 sotum,
930 3849 1068 3922 inthrons
1100 3844 1152 3921 (C.
1175 3846 1209 3904 Z.
1227 3847 1256 3920 s.
1277 3844 1364 3922 vcrpl.
1381 3842 1459 3930 Spa

118 3947 253 4020 xviri,
267 3950 341 4010 200.
374 3948 543 4026 000001,
560 3948 619 4008 400
635 3967 690 4025 iq„
712 3949 756 4006 00.
773 3947 816 4025 2).

116 4347 171 4410 21.
215 4347 414 4426 Horologium
445 4349 587 4408 solarium
616 4367 656 4408 ex
684 4347 782 4425 lapido
810 4347 968 4408 Tiburtino
995 4349 1149 4407 inventum
1176 4347 1207 4405 iu
1234 4346 1357 4407 thermis
1385 4345 1453 4408 Sta·

161 4452 261 4510 biania
283 4451 322 4510 ad
343 4454 436 4525 viam,
459 4471 536 4528 quae
558 4471 576 4510 a
595 4450 663 4510 foro
686 4451 724 4509 ad
746 4452 997 4528 amphitheatrum
1020 4451 1163 4522 ducebat,
1186 4449 1233 4508 die
1257 4448 1294 4508 23
1319 4446 1453 4525 Septem·

160 4553 224 4613 bris
247 4554 317 4614 anni
341 4554 431 4627 1854,
453 4573 532 4613 0000
553 4553 584 4611 10
606 4570 710 4612 museo
732 4551 947 4629 Neapolitano3
969 4553 1054 4612 ouius
1076 4553 1106 4610 in
1128 4552 1226 4611 fronte
1247 4550 1357 4611 litteris
1377 4554 1453 4611 hene

158 4655 265 4716 incisis
287 4655 399 4734 legitur
419 4656 539 4716 titulus:

417 4873 475 4921 mr
490 4903 498 4919 .
514 4845 636 4921 atinils
651 4903 659 4919 .
675 4872 732 4963 mr
758 4845 944 4963 hvalsstur
959 4901 968 4917 .
984 4845 1145 4919 eltiuvad

392 5005 614 5080 multaslkad
638 5003 893 5079 kdmhenniels
909 5061 916 5076 .
932 5003 1130 5122 tetigimus)

668 5162 898 5239 samanaffed
