3540 5828
248 547 249 551 Ν
330 583 332 590 ¹
357 563 429 633 170
927 583 1102 637 conssan:

395 756 482 816 Tune
509 759 602 834 igitur
629 758 779 817 duumviri
800 758 995 836 Pompeiani,
1023 759 1075 842 qui
1102 775 1140 816 ex
1168 757 1360 816 decurionum
1387 756 1507 815 decreto
1535 759 1687 816 mensuris

394 861 599 936 exsequendis
627 871 799 936 praeerant,
828 862 975 920 vocabula
1000 859 1084 920 Osca
1111 855 1315 919 mensurarum
1343 861 1532 937 antiquarum
1564 859 1687 936 scalpro

393 961 476 1020 eradi
498 964 659 1022 iusserunt.
703 961 763 1023 Sed
785 982 845 1021 non
866 973 980 1021 tantum
1006 962 1134 1038 profecit
1154 962 1285 1039 lapicida
1305 963 1336 1020 in
1357 964 1416 1021 hoc
1439 962 1617 1022 devastandi
1640 962 1687 1020 la·

392 1065 474 1136 bore,
497 1073 608 1124 utnon
630 1066 721 1124 trium
743 1065 958 1125 vocabulorum
980 1075 1078 1124 certae
1099 1065 1267 1123 litterarum
1288 1065 1445 1140 relliquiae
1467 1075 1627 1123 restarent.

475 1165 610 1226 Primum
632 1185 695 1240 vas,
718 1169 768 1226 ubi
791 1188 810 1226 a
828 1168 936 1227 dextra
957 1176 1043 1244 parte
1064 1186 1219 1225 numerare
1241 1167 1398 1245 inceperis,
1420 1167 1508 1244 idque
1530 1167 1685 1225 maximae

392 1271 567 1345 capacitatis
589 1270 738 1347 quomodo
761 1270 943 1347 appellatum
965 1270 1006 1328 sit
1027 1289 1046 1326 a
1068 1267 1261 1342 Samnitibus,
1287 1269 1378 1328 nullis
1401 1269 1566 1328 litterarum
1589 1270 1686 1328 vesti-

392 1372 450 1446 giis
473 1373 629 1432 indicatur.

474 1539 525 1598 Ad
546 1540 708 1600 secundum
731 1540 914 1618 adscriptum
937 1550 985 1600 est
1006 1540 1187 1600 vocabulum
1210 1538 1337 1600 Oscum:

706 1675 829 1752 dlaslls
1218 1699 1280 1756 bes.

451 1799 522 1892 xAd
544 1834 663 1893 tertium
686 1853 740 1893 vas
763 1844 884 1894 exstant
906 1834 1026 1912 quidem
1048 1836 1215 1894 litterarum
1236 1853 1323 1892 rarae
1345 1833 1491 1909 quaedam
1512 1834 1686 1910 relliquiae,

391 1935 444 1994 sed
466 1955 519 1994 eae
540 1945 599 1996 tam
623 1938 732 1996 dubiae
753 1946 784 1996 et
805 1939 966 1997 maximam
989 1948 1104 2014 partem
1127 1937 1284 2010 evanidas,
1312 1947 1345 1995 ιιι
1369 1936 1442 1995 nihil
1469 1937 1541 1994 certi
1570 1956 1611 1994 ex
1638 1939 1686 1995 eis

390 2037 427 2096 de
448 2039 568 2097 nomine
589 2039 678 2097 huius
701 2058 859 2099 mensurae
881 2040 985 2117 colligi
1005 2041 1110 2117 possit.

472 2160 522 2218 Ad
544 2168 681 2238 quartum
703 2162 873 2238 appositum
896 2171 943 2221 est
963 2161 1155 2221 vocabulum:

704 2296 850 2372 kdlnlks
1217 2309 1326 2398 χοῖνιξ.

473 2453 523 2512 Ad
542 2453 680 2532 quintum
702 2456 831 2532 denique
853 2473 907 2514 vas
930 2455 1044 2516 incisae
1066 2455 1165 2514 adhuc
1186 2463 1333 2533 apparent
1353 2454 1485 2514 litterae:

603 2645 605 2649 ψ
703 2592 826 2667 sebsik
841 2649 849 2665 .
867 2649 893 2684 .,

389 2747 433 2806 ita
453 2756 488 2805 ut
507 2756 579 2824 post
599 2749 618 2806 lt
639 2769 699 2807 una
719 2751 767 2808 vel
787 2750 865 2809 duae
886 2749 1005 2809 litterae
1026 2749 1142 2810 deletae
1164 2767 1232 2809 esse
1253 2750 1420 2810 videantur.

429 2914 511 2973 Dedi
532 2917 606 2974 haec
628 2935 834 2977 mensurarum
856 2918 1004 2977 vocabula
1024 2938 1063 2976 ex
1084 2917 1200 2996 ectypis
1219 2927 1253 2975 ἐι
1274 2918 1472 2995 apographis,
1498 2935 1575 2993 quae
1598 2919 1686 2977 misit

346 3015 382 3075 G.
413 3017 449 3076 de
479 3017 580 3090 Petra,
616 3021 797 3096 comparatis
833 3021 1015 3098 apographis
1050 3039 1069 3078 a
1105 3020 1163 3078 Th.
1200 3020 1367 3079 Mommsen
1404 3038 1497 3095 nuper
1534 3023 1682 3097 acceptis.

344 3119 459 3178 Dtaaita
482 3120 591 3198 scripsi
613 3139 680 3180 cum
702 3122 800 3180 Manc.
823 3133 854 3181 et
875 3123 1025 3195 Momms,
1048 3121 1085 3180 de
1106 3122 1211 3181 Petra:
1235 3125 1336 3181 diaeta.

429 3221 619 3282 Vocabulum
642 3225 742 3300 quarti
764 3225 847 3284 vasis
868 3224 985 3284 atinias
1007 3225 1139 3283 Mancini
1162 3226 1226 3283 sine
1247 3225 1341 3283 dubio
1363 3236 1443 3284 recte
1464 3226 1683 3300 interpretatus

345 3332 391 3381 est
412 3316 553 3405 χοῖνιξ,
576 3326 716 3402 quoniam
732 3324 814 3385 Osca
834 3326 935 3384 littera
949 3326 969 3383 lc
983 3346 1037 3403 pro
1055 3324 1216 3404 Graeca-g
1237 3328 1326 3384 etiarn
1349 3327 1380 3385 in
1396 3327 1572 3404 cognomine
1588 3326 1684 3386 Pom·

343 3425 452 3501 peiano
475 3426 571 3486 Iovis:
608 3427 778 3506 Meelilciiet'a
800 3446 855 3504 pro
884 3421 1037 3506 Μειλιχίου
1075 3430 1188 3504 scripta
1223 3430 1471 3504 acpronuntiata
1502 3437 1557 3487 εει.
1593 3429 1680 3487 Idem

344 3528 390 3586 vir
404 3528 510 3588 doctus
528 3528 688 3599 intellexit,
710 3529 740 3586 in
757 3549 829 3588 voce
845 3532 959 3601 diociis,
981 3549 1041 3606 quo
1057 3531 1187 3590 secunda
1202 3548 1343 3590 mensura
1358 3531 1552 3608 significatur,
1575 3531 1681 3589 inesse

344 3630 467 3706 stirpem
490 3631 605 3688 numeri
627 3631 735 3689 binarii
757 3633 816 3702 di·;
840 3632 894 3692 sed
909 3633 1069 3708 quominus
1084 3633 1240 3692 credamus
1258 3652 1322 3691 eam
1338 3651 1407 3692 esse
1422 3633 1549 3709 simplex
1565 3651 1678 3691 nomen

343 3749 408 3789 cum
432 3748 523 3790 sensu
546 3731 657 3792 Graeci
679 3725 808 3800 διίιλοος,
834 3732 936 3792 Latini
959 3734 1064 3810 duplas
1087 3735 1135 3793 vel
1157 3735 1276 3810 duplae,
1303 3737 1423 3794 obstare
1446 3735 1572 3807 videtur,
1595 3737 1681 3811 quod

342 3851 397 3892 nec
420 3832 531 3893 Graeci
552 3854 606 3893 nec
627 3835 757 3894 Romani
780 3836 828 3893 his
845 3829 1005 3895 ¹adiectivis
1032 3839 1190 3896 utebantur
1212 3837 1252 3895 ad
1272 3855 1442 3896 mensuram
1463 3855 1564 3896 rerum
1586 3837 1680 3913 liqui·

343 3935 447 3995 darum
471 3936 707 4012 significandam,
730 3957 785 3996 nec
801 3937 944 3999 credibile
966 3947 1013 3997 est
1027 3940 1174 3999 vocabulo
1195 3939 1375 4011 huiusmodi,
1398 3939 1477 4017 quod
1495 3939 1608 3998 indicet
1623 3939 1679 3997 du·

342 4037 451 4112 plicam
473 4038 607 4111 modum,
637 4039 782 4116 appellari
809 4040 841 4098 id
861 4058 932 4112 vas,
958 4042 1039 4117 quod
1064 4042 1096 4101 in
1117 4040 1328 4117 antiquissima
1350 4060 1472 4100 mensae
1494 4042 1680 4100 mensuralis
1745 4121 1748 4124 Ι

341 4139 441 4198 forma
463 4151 695 4200 consentaneum
717 4150 764 4200 εει
787 4142 950 4201 secundum
966 4143 1140 4220 capacitatis
1162 4144 1261 4202 locum
1284 4144 1426 4218 tenuisse,
1448 4154 1481 4203 ut
1501 4153 1572 4220 post
1593 4163 1681 4203 men-

342 4260 427 4300 suras
442 4243 643 4320 eiusAugusti
654 4253 788 4320 tempore
808 4245 987 4304 immutatas.
1015 4247 1123 4322 Itaque
1134 4245 1247 4306 Oscum
1259 4247 1402 4306 ἀί-αε-ἱί-ιε
1413 4245 1597 4325 paeneidem
1609 4265 1681 4305 esse

341 4344 519 4403 vocabulum
537 4347 734 4421 compositum
757 4347 886 4406 arbitror
908 4347 1096 4406 acLatinum
1118 4349 1187 4418 bes,
1211 4349 1291 4424 quod
1313 4369 1329 4407 ε
1351 4347 1505 4420 “bi-casia,
1526 4348 1682 4407 'hi-aesia

344 4455 440 4504 ortum
464 4465 532 4506 esse
554 4448 768 4520 demonstravi,
792 4452 973 4528 comparatis
996 4451 1119 4510 vocibus
1143 4454 1360 4527 quicqu-casia,
1383 4454 1506 4509 tressi-c
1528 4468 1584 4526 pro
1607 4449 1682 4509 *tri-
1763 4437 1764 4466 ³

342 4551 435 4616 esai-a,
452 4550 605 4608 bic-casia
620 4569 675 4628 pro
690 4551 908 4624 *bi-dcccmo,
925 4557 1032 4624 acm-ia,
1053 4552 1097 4611 ita
1112 4561 1145 4612 ut
1159 4554 1218 4610 bea
1234 4554 1353 4629 proprie
1369 4555 1443 4612 duas
1459 4562 1561 4627 partes
1577 4557 1681 4611 tertios

341 4654 416 4708 anaia
437 4653 532 4726 pondo
555 4652 716 4729 significet,
744 4663 806 4712 tum
829 4653 904 4713 duas
927 4664 1027 4732 partes
1050 4655 1154 4713 tertias
1180 4655 1407 4732 qualiscumque
1435 4654 1478 4712 rei
1507 4654 1614 4727 totius,
1645 4665 1682 4713 ut
1761 4665 1764 4686 ¹

340 4751 433 4810 modii
455 4772 554 4811 rerum
576 4755 729 4813 aridarum
751 4763 781 4813 et
803 4757 926 4815 sextarii
948 4757 1130 4833 liquidarum
1153 4775 1254 4815 rerum
1275 4766 1306 4814 ει
1325 4756 1421 4835 iugeri
1442 4739 1507 4832 agri
1533 4756 1679 4832 (Auaapr.
1758 4773 1764 4818 ζ

340 4853 388 4924 ΙΙ,
404 4853 470 4913 413.
486 4856 555 4927 687,
578 4857 620 4914 ed.
635 4858 663 4916 2.
698 4857 795 4916 Pacu
813 4859 888 4918 Feat.
904 4859 949 4916 M.
968 4879 1000 4935 p.
1016 4858 1067 4918 33.
1100 4859 1232 4919 scribon.
1251 4859 1581 4935 Canpos.medtc.157.
1616 4858 1678 4917 Cic.

340 4956 401 5013 Aa.
416 4955 476 5028 IV,
495 4959 544 5029 15,
572 4961 599 5018 7.
641 4957 1455 5034 Pta.1t1aXV111,11,26.asceticae.
1499 4959 1592 5018 Mart.
1615 4959 1679 5031 XI,

341 5055 391 5128 36,
412 5060 439 5115 7.
487 5057 595 5118 Colum.
614 5059 650 5132 V,
669 5061 713 5137 1).
758 5061 864 5138 Itaque
886 5059 998 5121 Oscum
1021 5062 1221 5140 compositum
1244 5065 1387 5123 diasat-⁸
1407 5073 1438 5122 ει
1450 5063 1592 5122 Latinum
1615 5063 1680 5120 b-ca
1761 5085 1764 5136 j

338 5177 394 5233 pro
429 5158 571 5220 'bi-maia
583 5203 593 5232 ,
644 5158 794 5222 *bi-arsia
841 5185 879 5223 ex
926 5165 1030 5223 eadem
1072 5164 1164 5241 stirpe
1198 5165 1305 5224 Italica
1344 5166 1497 5225 *dut-acai-
1533 5164 1679 5222 videntur
1759 5139 1764 5164 ⁴

338 5269 405 5316 orta
447 5278 526 5337 esse,
569 5262 606 5320 ad
650 5281 741 5339 quam
785 5263 867 5325 Osce
910 5266 1011 5326 adfixa
1053 5277 1101 5326 est
1142 5267 1291 5343 particula
1334 5271 1384 5326 ·io.
1454 5269 1553 5344 Atque
1597 5269 1678 5326 hanc
