3466 5820
306 473 379 543 276
865 483 1072 536 wrananus

389 665 612 724 Monumentum
638 662 814 739 inscriptam
841 670 953 718 senonas
981 657 1138 718 consultam
1165 658 1199 716 dc
1225 658 1359 714 nondinis
1385 653 1476 712 saltas
1502 649 1636 725 chacn-

306 774 346 828 sis
374 771 405 826 in
432 769 572 826 territorio
600 765 720 824 Cossaei
751 783 783 820 re
812 782 883 821 vers
915 781 974 820 non
1007 769 1068 818 tam
1100 760 1271 837 exemplum
1304 769 1351 816 est
1383 753 1637 817 senatusconsulti

307 889 396 948 quam
418 869 498 929 illius
520 868 660 944 exempli,
682 865 764 942 quod
785 866 884 924 Roma
905 864 935 922 in
959 864 1093 921 Africam
1116 863 1274 939 adipsum
1297 871 1329 919 nt
1351 862 1468 920 ridetur
1485 859 1637 917 Lucilium

308 973 487 1033 Africanum
514 972 639 1029 missum
668 977 713 1028 est
739 978 769 1026 et
794 977 827 1026 ut
852 967 1001 1044 publicam
1028 965 1115 1023 fidem
1139 965 1261 1024 haberet
1282 965 1325 1021 ita
1346 965 1489 1042 seriptum
1511 965 1638 1040 ligatum

309 1076 419 1153 sigillis
448 1074 583 1134 clausum
612 1072 718 1143 luerat,
752 1078 783 1127 nt
805 1071 1003 1128 iustrumenta
1031 1067 1111 1144 apud
1134 1067 1285 1126 Romanos
1308 1067 1397 1125 scribi
1420 1067 1507 1142 ligari
1531 1066 1639 1144 sigillis

309 1177 405 1237 claudi
427 1176 574 1236 solebant.
618 1173 691 1231 ldeo
713 1173 798 1231 initio
821 1172 970 1230 indicatur
993 1171 1069 1229 uude
1092 1170 1316 1246 transscriptum
1345 1172 1384 1228 sit
1406 1177 1436 1227 et
1456 1170 1488 1228 in
1509 1171 1567 1228 fine
1591 1169 1641 1226 ad-

310 1281 373 1339 dite
394 1280 583 1357 reperiuntur
605 1276 789 1353 signatorum
809 1274 916 1333 civium
940 1273 1143 1332 Romanorum
1166 1274 1288 1330 nomina
1309 1281 1432 1348 septem,
1464 1272 1537 1330 olim
1559 1271 1642 1349 sigil-

311 1384 348 1442 lis
371 1383 465 1442 cereis
487 1381 517 1438 iu
540 1379 688 1438 exteriore
710 1389 795 1454 perte
817 1377 950 1453 diptychi
973 1376 1120 1452 adposita.

396 1486 495 1560 Atque
523 1490 554 1542 ut
582 1481 618 1540 de
646 1490 779 1558 ternpore
805 1479 933 1556 primum
956 1478 1119 1548 videamus,
1153 1478 1290 1536 consules
1313 1478 1455 1536 ordinarii
1483 1479 1545 1536 noti
1573 1490 1644 1536 sunt

315 1587 384 1646 anni
410 1587 467 1646 138
491 1606 520 1663 p.
544 1583 590 1656 0.,
622 1583 750 1659 primum
777 1589 877 1640 tamen
906 1583 963 1640 hoc
990 1582 1055 1638 loco
1087 1580 1177 1656 pleno
1211 1581 1330 1638 nomine
1357 1581 1546 1656 appellantur
1575 1600 1643 1638 cam

314 1699 470 1766 praeterea
498 1697 528 1745 et
554 1685 633 1761 apud
660 1695 795 1744 auctores
824 1694 854 1742 et
881 1685 912 1742 in
939 1683 1034 1742 titulis
1062 1683 1238 1760 cognomina
1266 1693 1380 1741 tantum
1409 1681 1587 1742 Camerinus
1616 1691 1646 1740 et

313 1792 410 1869 Niger
430 1790 628 1866 reperiantur:
662 1787 809 1846 refellitur
830 1786 922 1863 igitur
943 1786 1143 1862 antiquiorum
1165 1785 1335 1844 coniectura
1357 1786 1407 1862 qui
1430 1785 1554 1844 alterum
1579 1783 1646 1844 Sul-

315 1895 411 1973 piciae
433 1893 559 1952 alterum
575 1888 733 1964 Quinctiae
755 1890 837 1965 genti
859 1889 1010 1947 consulem
1035 1888 1207 1948 tribuerunt
1253 1885 1313 1948 Sed
1335 1906 1514 1964 quamquam
1537 1906 1647 1945 consu·

314 1998 377 2056 latu
400 1993 696 2056 senatusconsultum
717 1991 839 2050 secundi
862 1992 976 2050 saeculi
997 2009 1065 2050 esse
1086 1990 1243 2063 iudicatur,
1276 1990 1413 2066 equidem
1436 1989 1539 2049 titulos
1562 1991 1647 2067 ipsos

316 2100 399 2158 nullo
421 2107 508 2176 pacto
530 2096 634 2156 eodem
656 2103 791 2171 tempore
813 2103 955 2153 exaratos
983 2111 1049 2152 esse
1071 2093 1180 2167 iudico,
1210 2094 1258 2152 cui
1281 2113 1317 2152 ne
1344 2094 1432 2150 unius
1455 2083 1576 2168 quidem
1599 2093 1648 2151 lit-

316 2211 398 2260 terae
417 2201 514 2259 forma
536 2198 611 2257 satis
633 2201 780 2257 convenit.
833 2195 910 2257 Sunt
932 2197 1009 2254 euim
1032 2204 1135 2256 tenues
1158 2204 1186 2254 ot
1206 2195 1389 2272 inaequales,
1423 2197 1471 2274 hio
1493 2195 1556 2254 illic
1578 2215 1649 2254 cau-

319 2305 366 2362 dis
389 2315 519 2375 ornatae,
552 2301 675 2360 omnino
697 2300 763 2359 eius
784 2300 899 2359 formae
926 2299 1011 2358 cuius
1038 2317 1106 2358 esse
1134 2299 1232 2358 solent
1257 2299 1288 2356 in
1310 2297 1557 2376 inscriptionibus
1579 2309 1651 2374 post

320 2405 502 2466 Diocletiani
523 2413 661 2482 tempora
682 2403 730 2462 vel
752 2411 829 2462 certe
849 2411 919 2480 post
941 2401 1071 2461 medium
1093 2402 1244 2462 sacculum
1267 2402 1386 2460 tertium
1412 2401 1530 2460 incisis:
1564 2419 1652 2478 pree·

320 2509 408 2588 cipue
430 2506 594 2567 formarum

772 2639 903 2732 effigit
950 2661 1006 2720 pro
1050 2640 1192 2703 CLREM

321 2829 432 2888 frustra
458 2825 565 2902 opinor
592 2825 731 2902 exempla
759 2827 870 2885 saeculi
899 2825 1019 2886 secundi
1046 2833 1234 2902 quaerentur.
1291 2825 1420 2888 Saeculo
1447 2827 1539 2905 igitur
1563 2829 1652 2886 tertio

322 2939 449 2990 exeunte
476 2927 617 3005 exempla
645 2928 898 2987 senatusconsulti
925 2936 976 2986 aut
1002 2937 1145 2988 renovata
1177 2930 1315 2988 videntur
1346 2947 1413 2989 esse
1445 2938 1498 2988 aut
1529 2930 1653 2988 omniuo

322 3034 451 3111 primurn
473 3030 593 3108 publice
614 3031 778 3106 proposita.
834 3029 933 3105 Quam
954 3039 1090 3090 accurate
1119 3041 1218 3092 autem
1247 3033 1456 3109 quadratarius
1479 3033 1654 3108 exemplum

323 3136 478 3210 antiquum
499 3132 685 3208 expresserit
706 3133 921 3210 orthographia
942 3152 1089 3210 nusquam
1112 3147 1254 3210 corrupta
1271 3136 1416 3205 ostendit3
1439 3136 1514 3210 quin
1528 3135 1560 3194 in
1575 3155 1655 3194 com·

323 3236 440 3314 pendiis
466 3236 632 3312 scripturae
656 3235 688 3294 in
710 3234 848 3294 kalendis
868 3235 1035 3295 iudicandis
1057 3245 1204 3296 vetustum
1228 3257 1312 3296 usum
1336 3239 1487 3314 seqnitur,
1514 3257 1582 3297 cum
1611 3240 1655 3314 ip-

326 3340 390 3398 sius
412 3345 510 3398 aetate
532 3355 727 3413 semperne
750 3338 930 3396 scriberetur
950 3357 1006 3416 pro
1029 3357 1047 3396 κ
1074 3340 1139 3398 aevi
1161 3340 1321 3410 melioris„
1337 3357 1392 3399 nec
1414 3340 1471 3398 nisi
1493 3342 1525 3399 in
1548 3359 1656 3399 eonsu-

323 3443 388 3502 latu
410 3440 546 3518 peccavit
566 3439 618 3498 nbi
640 3454 700 3500 cos
715 3441 746 3498 in
759 3457 835 3500 coss
856 3442 992 3513 mutavit,
1016 3442 1095 3518 quod
1117 3453 1186 3500 ante
1209 3443 1360 3502 sacculum
1384 3445 1502 3502 tertium
1524 3443 1655 3502 medium

327 3562 387 3602 non
409 3543 567 3602 invenitur.

411 3643 560 3706 Consules
583 3645 700 3704 suffecti
721 3646 783 3704 noti
805 3653 884 3704 sunt.
928 3647 1013 3705 Alter
1035 3647 1068 3704 P.
1097 3645 1215 3708 Cassius
1239 3647 1386 3707 Secundae
1409 3656 1660 3708 commemoratur

327 3749 358 3807 in
381 3747 468 3806 titulo
489 3744 762 3825 Lambaesitano¹)
784 3749 956 3827 imperatori
972 3748 1127 3808 Hadriano
1150 3769 1168 3808 e
1189 3750 1334 3810 militibus
1357 3751 1505 3828 stipendia
1526 3753 1659 3811 emeritis

329 3851 438 3922 diceto,
471 3849 502 3908 in
528 3867 587 3925 quo
615 3850 724 3909 dicitur
749 3851 866 3929 legatus
893 3853 1021 3930 Augusti
1046 3872 1101 3928 pro
1128 3863 1279 3930 praetore,
1312 3853 1426 3912 scilieet
1453 3854 1581 3932 legionis
1609 3856 1660 3913 Ill

330 3955 484 4032 Augustae
506 3953 537 4010 in
552 3951 696 4012 Numidia
717 3961 817 4013 cestra
839 3956 989 4027 habentis;
1013 3973 1051 4013 ex
1067 3973 1128 4031 que
1145 3955 1292 4032 legatione
1315 3975 1380 4013 cum
1404 3957 1505 4014 statim
1528 3957 1568 4014 ad
1590 3976 1662 4016 con-

330 4056 461 4116 sulatum
488 4055 612 4132 provehi
640 4056 721 4116 soliti
750 4058 824 4131 sint,
858 4055 1014 4117 Secundus
1042 4077 1077 4116 ea
1102 4059 1260 4133 postremis
1293 4058 1482 4135 imperatoris
1511 4057 1663 4118 Hadriani

329 4157 416 4217 annis
438 4156 556 4216 functus
579 4157 794 4219 videturesse.
838 4161 970 4219 Alterius
993 4161 1044 4237 qui
1066 4161 1151 4218 initio
1173 4170 1294 4219 senatus
1317 4162 1447 4220 consulti
1470 4169 1607 4232 vocatur:

412 4260 447 4317 P.
476 4259 618 4335 Delphice
644 4261 816 4338 Pereqruua
850 4263 952 4322 Aleia-s
988 4263 1126 4321 Alennias
1159 4263 1306 4321 Maximus
1336 4262 1452 4322 Curtius
1485 4264 1664 4325 Valerianos

331 4363 473 4422 Proculus
495 4361 538 4420 M.
562 4349 675 4422 Noniae
699 4365 861 4439 Mucianae,
896 4367 927 4424 in
948 4367 1007 4425 fine
1030 4365 1204 4443 simpliciter
1226 4367 1270 4423 M.
1292 4365 1405 4424 Noniae
1429 4367 1586 4424 Mucianus
1609 4387 1664 4425 no-

331 4467 430 4525 vimus
457 4463 576 4522 titulum
605 4473 674 4524 ante
700 4469 890 4529 consulatum
911 4471 939 4528 ei
961 4489 979 4528 a
1000 4467 1224 4527 Veronensibus
1247 4467 1453 4545 dedicatum2)
1480 4469 1510 4526 iu
1533 4488 1595 4546 qno
1618 4471 1664 4530 dl.

334 4569 445 4628 Nonius
476 4566 519 4624 M.
542 4569 570 4641 s.
593 4567 662 4626 Pob.
686 4568 841 4630 Mucianus
864 4573 897 4631 P.
920 4571 1064 4647 Delphina
1090 4571 1263 4646 Peregrinus
1290 4573 1460 4649 appellatur
1493 4583 1522 4630 et
1554 4575 1665 4633 deinde

333 4671 463 4729 honores
492 4669 529 4728 ab
556 4688 592 4729 eo
618 4673 695 4748 gesti
721 4673 912 4736 exhibentur:
946 4677 977 4734 in
1007 4683 1197 4733 monumento
1226 4693 1261 4731 eo
1291 4674 1327 4732 de
1356 4692 1415 4752 quo
1443 4675 1577 4754 agimus,
1613 4679 1665 4736 ubi

334 4857 537 4868 ...-—-—

412 4983 436 5046 ¹)
464 4981 567 5044 Renier,
587 4981 693 5034 Recueil
712 5003 737 5038 n.
760 4991 783 5038 l.

413 5087 437 5151 a)
467 5089 545 5156 0019·
565 5075 598 5126 V.
618 5094 643 5132 n.
664 5077 745 5130 3343.
