3540 5828
587 439 662 489 sax
680 437 762 489 coc.
783 439 1011 491 canusinus.
1394 425 1466 496 143

1313 545 1466 555 κ*

135 619 238 685 utitur,
268 615 387 673 oltmsm
415 613 631 674 aecusatoribus
661 622 768 672 tantum
797 629 958 672 concessum
985 621 1034 670 est.
1086 612 1209 673 Iudiciis
1236 615 1366 691 publicis
1396 618 1468 676 item

134 717 347 794 comprehendi
375 715 533 794 popularia
558 715 721 775 multarum
748 716 779 774 in
805 714 956 790 publicum
978 715 1207 793 redigendarum
1230 727 1259 775 et
1280 719 1402 777 aliunde
1424 720 1468 778 in-

135 819 290 897 tellegitur
316 829 360 890 et,
387 817 469 895 quod
490 818 529 877 ad
550 819 629 876 hanc
649 817 745 894 legem
768 817 905 893 proxime
926 818 1069 892 pertinet,
1095 837 1134 876 ex
1155 837 1181 878 c.
1197 817 1253 877 LV
1274 819 1351 896 legis
1373 821 1468 881 Iulias

135 923 274 1000 agrariae
300 929 370 999 post
393 922 486 980 verba
512 939 605 999 supra
630 920 727 979 relata
752 920 795 978 ita
821 920 988 997 pergentis:
1016 924 1100 997 inque
1127 939 1188 979 eom
1213 940 1270 980 rem
1296 926 1321 981 is
1343 927 1393 999 qui
1414 925 1467 984 boo

134 1027 196 1101 teqe
222 1025 359 1084 iudicium
386 1025 494 1082 dederit
522 1023 635 1083 testibus
656 1021 772 1099 publice
798 1023 865 1080 dum
890 1031 973 1081 tosot
999 1025 1030 1080 iu
1050 1041 1096 1081 res
1118 1024 1247 1101 singulos
1269 1023 1466 1102 bominibus1)

137 1127 174 1185 X
190 1129 378 1186 denuntiandi
395 1135 563 1202 potestatem
577 1126 673 1201 facito
695 1128 737 1184 ito
757 1133 788 1183 ut
810 1143 824 1184 e
845 1123 1013 1201 republica
1028 1127 1142 1202 fideque
1162 1145 1217 1185 suo
1231 1127 1380 1186 videbitur.
1416 1130 1467 1188 Ad

133 1231 209 1287 haec
229 1228 320 1307 vulgo
348 1238 420 1288 nota
447 1235 476 1288 et
498 1229 572 1288 satis
594 1235 705 1287 testata
725 1245 804 1286 nova
825 1227 972 1304 quaedam
989 1221 1033 1287 'ex
1054 1228 1121 1305 lege
1142 1228 1278 1288 coloniae
1301 1227 1466 1290 Genetirae

133 1331 285 1391 accedunt.
329 1334 465 1410 Apparet
490 1332 519 1390 ei
544 1330 732 1409 magistratui
759 1331 811 1406 qui
837 1329 980 1389 iudicium
1007 1329 1089 1389 dedit
1114 1332 1162 1390 ius
1188 1350 1246 1389 non
1270 1331 1363 1392 tuisse
1384 1334 1466 1392 testi-

132 1435 226 1493 monii
248 1433 443 1493 denuntiandi
465 1433 521 1492 nisi
543 1433 573 1491 in
596 1451 672 1509 quos
694 1433 751 1492 sibi
776 1433 933 1508 imperium
956 1443 1050 1505 esset3
1073 1433 1210 1492 similiter
1230 1436 1261 1493 in
1283 1453 1375 1494 causa
1389 1434 1465 1494 Ver·

131 1535 199 1595 rina
225 1535 351 1595 testibus
374 1533 484 1597 Siculis
513 1535 716 1594 testimonium
743 1534 899 1594 denuntiat
925 1553 984 1592 non
1010 1547 1131 1611 praetor
1156 1536 1182 1594 ie
1209 1537 1259 1613 qui
1286 1538 1464 1614 repetunda-

130 1659 197 1698 rum
223 1638 364 1698 iudicium
390 1647 522 1709 exercet,
551 1638 606 1696 sed
633 1637 660 1696 is
688 1635 740 1713 qui
766 1644 886 1714 praeest
911 1638 1082 1712 provinciae
1110 1635 1283 1714 Siciliae2).
1327 1639 1464 1699 Testium

130 1743 183 1818 qui
209 1741 304 1800 coacti
325 1741 527 1800 testimonium
551 1739 653 1798 dicant
680 1740 712 1798 in
738 1739 857 1798 iudiciis
882 1741 1111 1817 recuperatoriis'
1138 1759 1205 1802 oum
1233 1741 1334 1802 decem
1360 1761 1464 1803 nume·

130 1863 197 1902 rum
224 1843 309 1901 finiat
334 1852 395 1902 tam
422 1843 472 1901 lex
499 1843 579 1901 Iulia
604 1841 693 1901 modo
718 1841 809 1900 citata
835 1859 925 1918 quam
952 1842 1040 1902 edicti
1065 1845 1201 1922 perpetui
1222 1843 1405 1921 somniat),
1432 1845 1462 1903 in
1540 1847 1544 1850 ’

130 1947 188 2005 hac
215 1945 281 2024 lege
310 1964 451 2004 numerus
475 1945 625 2004 invenitur
647 1944 827 2020 duplicatus,
870 1944 997 2004 Praeter
1017 1951 1123 2020 testes,
1151 1947 1260 2022 quibus
1283 1954 1352 2005 ante
1373 1965 1463 2024 quam

130 2049 272 2108 iudicium
299 2049 333 2107 fit
358 2048 563 2107 denuntiatum
590 2055 650 2118 est,
677 2047 738 2106 iam
764 2047 965 2124 intellegimus
993 2049 1083 2107 etiam
1106 2048 1133 2106 si
1154 2049 1204 2126 qui
1227 2048 1298 2107 dum
1319 2049 1462 2109 iudicium

129 2153 162 2210 tit
184 2152 222 2210 ab
245 2151 351 2209 horum
373 2150 475 2228 aliquo
497 2151 528 2209 in
550 2149 721 2209 testimonio
743 2149 870 2209 dicendo
892 2150 1036 2209 nominati
1058 2158 1169 2223 esseut,
1194 2169 1246 2211 eos
1268 2153 1307 2211 ad
1328 2153 1461 2212 testimo·

129 2255 212 2314 nium
233 2253 450 2330 perhibendum
473 2252 540 2332 cogi
561 2253 710 2330 potuisse,
738 2251 827 2310 modo
850 2271 887 2310 ne
908 2269 1049 2311 numerus
1072 2253 1180 2330 viginti
1201 2255 1404 2314 excederetur.
1421 2288 1459 2298 —

127 2357 283 2416 Personae
313 2367 457 2433 exceptae
485 2355 573 2414 huius
603 2355 679 2431 legis
707 2353 828 2414 eaedem
857 2355 919 2413 fere
949 2361 1018 2412 sunt
1045 2363 1134 2432 atque
1164 2374 1240 2432 quae
1270 2357 1461 2435 excipiuntur

126 2459 192 2535 lege
215 2458 295 2517 Iulia
316 2457 493 2517 iudiciorum
516 2457 713 2533 publicorum.
758 2455 835 2533 Lege
856 2455 945 2528 Iulio,
967 2455 1117 2534 Paulus⁴)
1140 2458 1191 2531 ait,
1218 2460 1386 2518 iudiciorum
1402 2480 1460 2536 pu·

127 2561 266 2620 blisorum
287 2568 412 2630 cauetur,
435 2578 469 2618 ne
490 2563 578 2618 inuito
601 2561 788 2629 denuntietur,
815 2568 846 2617 ut
867 2563 1050 2618 testimoniam
1072 2562 1133 2619 litis
1154 2563 1235 2620 dicat
1254 2563 1392 2620 odessus
1414 2580 1460 2620 so·

127 2683 222 2722 oerum
239 2681 383 2738 seuerum,
404 2666 535 2722 uitricum
547 2665 724 2738 priuignum,
746 2661 889 2719 sobrinum
904 2661 1057 2734 sobrinam,
1079 2663 1192 2732 sobrino
1208 2663 1348 2740 [sobrino]
1363 2675 1459 2723 notum

127 2784 207 2824 essse
229 2768 280 2841 qui
301 2769 398 2840 priore
420 2764 524 2840 [immo
541 2764 691 2840 propiore]
712 2766 809 2840 produ
832 2768 898 2835 siut,
921 2767 987 2822 item
1007 2783 1041 2822 ne
1063 2765 1161 2824 liberto
1184 2768 1287 2842 ipsius,
1310 2767 1459 2827 liberorum

126 2873 196 2939 eiua
216 2869 393 2943 parentium,
419 2847 477 2924 viri
497 2870 609 2938 moris,
636 2869 700 2925 item
717 2869 837 2943 patrous¹
853 2877 1011 2942 patronos:
1035 2876 1061 2925 et
1080 2878 1112 2925 ut
1131 2886 1165 2926 ae
1182 2872 1300 2944 paboni
1316 2880 1460 2945 patronos

126 2973 266 3029 adversos
295 2969 408 3029 libertos
434 2979 571 3046 cogantur
597 2972 783 3028 testimouium
808 2969 907 3028 dicere.
951 2967 1012 3030 Sed
1033 2969 1151 3046 plenius
1174 2981 1204 3029 et
1223 2971 1400 3046 prudentius
1421 2972 1459 3033 de

125 3073 173 3131 his
200 3073 232 3132 in
256 3073 325 3150 lege
346 3070 466 3149 publica
487 3080 606 3130 cautum
627 3080 673 3130 est
694 3089 784 3148 quam
806 3071 838 3130 ia
860 3072 1005 3131 colonica.
1049 3070 1176 3151 Cognati
1198 3091 1266 3132 cum
1287 3083 1318 3133 et
1338 3075 1371 3133 iu
1390 3075 1457 3154 lega
1532 3109 1537 3128 ι

124 3175 204 3235 Iulia
223 3174 403 3234 iudiciorum
424 3172 609 3250 publicorum
632 3183 662 3233 ct
682 3174 714 3232 iu
736 3174 805 3234 aliis
827 3176 966 3234 omuibus
988 3175 1168 3234 definiantur
1188 3185 1241 3233 aut
1258 3185 1345 3236 sexto
1361 3179 1457 3258 gradu

125 3278 315 3337 sobrinarum
337 3282 388 3335 aut
409 3277 536 3354 septimo
558 3276 679 3336 sobrino
701 3276 888 3353 natorum),
910 3278 991 3354 quod
1012 3278 1061 3337 hic
1082 3279 1226 3336 liberatur
1248 3279 1298 3356 qui
1320 3299 1372 3339 reo
1387 3299 1456 3342 oon-

123 3380 265 3440 sobrinus
288 3380 328 3437 sit
348 3379 506 3457 propiusve
529 3399 595 3437 eum
620 3399 655 3439 ea
676 3381 853 3457 cognatione
875 3380 1036 3458 contingat,
1058 3381 1089 3439 id
1111 3390 1158 3440 est
1178 3383 1296 3459 cognati
1316 3383 1353 3442 ad
1368 3400 1456 3459 quar·

124 3493 186 3541 tum
208 3481 334 3560 gratim
356 3500 462 3560 usque,
483 3481 649 3541 inauditum
671 3491 717 3541 est
738 3490 767 3541 et
787 3482 917 3542 tortasse
939 3482 1112 3543 contraius
1135 3485 1339 3560 receptum‘ab
1354 3505 1390 3546 eo
1405 3488 1456 3564 qui

122 3584 219 3662 legem
247 3584 428 3662 conscripsit
453 3591 564 3644 temere
590 3585 732 3661 positum.
781 3585 927 3645 Affiaium
955 3604 1023 3644 oum
1048 3585 1212 3645 liberentur
1240 3605 1332 3666 gener
1360 3605 1474 3662 socer,-

201 3933 225 3997 ι)
252 3935 284 3985 Ιιι
303 3935 375 3987 libris
394 3943 433 3987 est
452 3923 496 3984 ῖὲ
516 3949 563 4000 pro
582 3923 617 3980 Ἡ.

199 4023 225 4089 ²)
254 4027 346 4078 Cicero
358 4029 434 4079 Verr.
449 4029 475 4089 2,
490 4029 533 4088 27,
549 4026 597 4078 65:
617 4025 707 4094 quibus
725 4042 770 4093 eqo
790 4028 952 4078 testimonium
971 4026 1124 4089 denuntiavi,
1146 4044 1247 4094 quorum
1266 4029 1454 4100 nominaledidi

123 4116 231 4169 Metello
252 4156 332 4170 .....
352 4119 434 4171 αιΙΙιιιο
452 4137 501 4170 noa
520 4126 647 4170 uenerant.
685 4121 717 4170 In
741 4120 838 4170 iudicio
861 4120 964 4185 publico
988 4121 1077 4185 populi
1096 4121 1206 4172 Romani
1224 4137 1271 4186 per
1289 4124 1453 4187 magistratus

123 4213 302 4278 cuiuscumque
321 4213 420 4264 ordinis
439 4212 612 4262 testimouium
633 4213 779 4263 denuntiari
792 4214 906 4278 potuisse
926 4212 953 4274 (l.
973 4220 1052 4278 repet.
1071 4229 1095 4264 v.
1109 4212 1155 4276 31)
1175 4223 1373 4266 consentaneum
1386 4224 1433 4266 est.

199 4301 223 4366 ³)
252 4305 352 4355 Probus
377 4307 409 4356 de
427 4307 495 4355 notis
515 4322 540 4370 p.
556 4307 609 4356 274
628 4305 668 4354 ed.
688 4320 775 4356 meae:
803 4306 892 4372 pseusti
909 4320 940 4355 eo
957 4321 999 4354 res
1016 4306 1073 4367 erit,
1093 4313 1177 4356 tontue
1190 4308 1314 4374 pecuniae
1332 4307 1452 4359 iudicium

121 4397 335 4464 recuperatorium
358 4395 423 4447 dubo
449 4395 598 4464 testibusque
616 4395 720 4465 publice
739 4396 797 4446 dum
815 4405 889 4448 toust
906 4396 987 4448 decem
1006 4397 1171 4449 denuntiandi
1182 4391 1331 4466 potestatem
1341 4401 1450 4464 sociam.

120 4489 243 4539 Edictum
255 4490 366 4554 Augusti
386 4491 419 4540 de
438 4505 519 4556 aquae
539 4491 617 4540 ductu
627 4490 774 4540 Venafrano
794 4489 911 4552 (Henzsn
925 4491 1021 4552 6428):
1041 4507 1094 4541 sum
1112 4492 1157 4558 qui
1173 4493 1239 4543 iuter
1257 4495 1321 4543 ciuis
1338 4500 1362 4543 et
1378 4509 1450 4562 pere-

120 4583 210 4647 grinos
234 4582 274 4630 ius
296 4580 363 4632 dicet
386 4581 506 4633 iudicr'um
529 4583 735 4650 recuperatorum
753 4584 780 4632 in
798 4583 914 4649 mapulas
934 4599 975 4634 res
992 4580 1043 4634 Hs
1060 4566 1092 4633 X
1105 4583 1209 4635 reddere
1228 4584 1375 4652 testibusque
1393 4586 1451 4637 dum

122 4679 195 4723 tarot
213 4669 243 4722 X
263 4671 441 4724 denuntianda
466 4671 560 4738 [immo
585 4673 751 4726 &nuntiandi
766 4675 931 4743 potestatem]
948 4676 1039 4741 facere
1054 4676 1154 4744 placet,
1180 4676 1238 4727 dum
1255 4679 1450 4746 recuperatorum

121 4765 223 4816 reiectio
242 4766 307 4815 iuter
326 4783 378 4816 sum
397 4768 441 4834 qui
459 4775 517 4834 oyet
535 4774 559 4818 et
577 4783 629 4818 eum
648 4784 751 4835 quocum
770 4775 859 4835 oqetur
876 4770 916 4829 ito
927 4767 998 4836 fio[t‚
1019 4776 1047 4818 ut
1065 4769 1118 4836 leqe
1135 4768 1217 4835 Iulia]
1238 4787 1301 4838 quos
1314 4770 1344 4822 ds
1357 4771 1450 4823 iudicis

118 4859 231 4926 priuatis
250 4858 306 4908 tota
324 4865 361 4909 est
381 4857 465 4910 debebit
483 4858 615 4927 oportebit.

197 4949 223 5013 ⁴)
253 4951 315 5016 Dig.
330 4952 373 5013 22,
387 4951 413 5014 b,
427 4953 454 5003 4.
481 4953 546 5003 Post
565 4950 667 5004 libertos
686 4954 917 5019 sequauturverba
934 4955 1046 5006 insiticia
1064 4970 1140 5022 nepus
1159 4953 1245 5006 liberti
1262 4955 1384 5008 aduersus
1398 4973 1447 5025 po·

121 5051 215 5095 tronos.

196 5134 221 5198 ⁵)
250 5135 403 5202 Composuit
421 5138 492 5189 locos
511 5137 636 5190 Klenzias
654 5139 682 5189 in
701 5137 761 5204 eph.
781 5138 939 5206 Savignisne
956 5141 1019 5192 iuris
1038 5140 1154 5192 historici
1173 5140 1199 5204 6,
1214 5141 1257 5193 99.
