3540 5828
308 497 383 569 254
605 515 912 568 ossuuvsurouns
939 516 1217 568 uursusurncsu
1235 517 1326 568 xvu.

1484 619 1642 630 ——u

389 693 423 763 5.
461 687 740 764 Rhoemetalces
761 719 887 787 patruus
910 710 1115 788 praecedentis
1128 710 1170 787 1),
1198 711 1277 770 filius
1300 713 1392 790 igitur
1414 711 1488 770 alter
1510 709 1642 772 Sadalee

309 821 339 874 et
359 813 606 887 Polemocratiee,
629 833 697 872 cum
718 813 819 872 fratris
832 813 913 885 filio,
941 813 1025 872 cuius
1048 822 1137 872 antea
1158 813 1281 872 tutelam
1304 833 1372 872 eum
1394 816 1529 891 gessisse
1550 816 1643 876 modo

307 916 452 990 vidimus,
484 935 511 974 a.
536 915 594 974 743
622 917 828 988 successisset,
851 937 877 974 a.
902 915 961 975 759
986 941 1022 968 =
1049 936 1078 993 p.
1102 913 1173 975 Chr.
1198 916 1215 975 6
1244 917 1386 995 auspiciis
1415 918 1531 976 Tiberii
1560 919 1642 978 bello

307 1018 482 1080 Pannonico
497 1019 616 1097 egregie
631 1017 822 1096 pugnavitt).
857 1017 942 1078 Obiit
954 1021 1119 1096 imperante
1134 1021 1274 1097 Augusto
1294 1029 1362 1080 ante
1377 1038 1404 1080 a.
1420 1041 1449 1098 p.
1463 1020 1533 1081 Chr.
1550 1021 1588 1080 12
1600 1021 1643 1097 ³).
1753 997 1755 1004 ‚

393 1223 426 1294 6.
463 1218 579 1322 Cotys
601 1243 832 1302 Rhoemetalces
854 1243 933 1301 filius
953 1251 1023 1319 post
1044 1244 1139 1320 patris
1162 1252 1288 1303 mortem
1311 1244 1462 1304 meliorem
1484 1253 1514 1304 et
1536 1247 1645 1306 cultio·

307 1365 370 1407 rem
398 1346 483 1422 regni
512 1346 576 1404 eius
603 1353 718 1422 partem
748 1347 877 1404 obtinuit
909 1344 991 1421 (adn.
1022 1347 1066 1422 3),
1102 1345 1241 1405 laudatus
1270 1345 1377 1405 Tacito
1408 1348 1446 1406 ob
1473 1343 1644 1426 ‘ingenium

308 1450 380 1508 nrite
402 1459 433 1508 et
454 1445 634 1522 amoenum’,
658 1447 768 1508 Ouidio
781 1444 811 1525 ⁴)
833 1449 871 1507 ob
894 1448 993 1506 studia
1013 1450 1126 1526 poesis.
1170 1448 1276 1508 Pstrni
1298 1450 1534 1528 Rhescuporidis
1557 1463 1645 1530 parte

308 1553 403 1630 regni,
426 1571 513 1628 quam
536 1553 564 1609 ei
586 1554 743 1628 Augustus
766 1552 949 1628 adsignarent,
972 1568 1033 1609 non
1055 1552 1187 1610 contenti
1208 1551 1325 1611 insidiis
1347 1553 1436 1629 periit
1457 1554 1534 1612 inter
1556 1574 1583 1612 a.
1603 1557 1642 1614 14

310 1664 340 1715 et
363 1656 400 1714 19
423 1675 452 1732 p.
470 1651 590 1730 Chr.⁵).
636 1651 733 1730 Cotyn
761 1672 885 1712 uxorem
913 1653 1038 1712 duxisse
1067 1653 1159 1711 filiam
1186 1653 1359 1712 Polemonis
1384 1653 1464 1732 reg'is
1491 1655 1583 1716 Ponti
1612 1667 1643 1716 et

308 1757 524 1834 Pythodoridis
547 1757 645 1834 neptis
667 1775 706 1814 ex
728 1757 790 1814 filiu
811 1757 851 1815 M.
870 1756 995 1814 Antonii
1018 1755 1123 1814 llIviri
1146 1766 1234 1814 antea
1255 1757 1551 1834 compereramus⁶);
1582 1761 1644 1820 ism

309 1879 380 1919 vero
396 1859 517 1918 decreta
538 1860 595 1918 dun
612 1857 827 1935 Cyzicenorum
850 1859 946 1917 eidem
970 1857 1090 1917 tabulae
1111 1857 1205 1916 incisa
1225 1866 1256 1916 et
1277 1861 1399 1918 nomina
1421 1861 1484 1920 eins
1506 1863 1644 1924 mulieris

251 1947 260 1970 ⁸
310 1981 366 2022 nos
383 1963 546 2021 docuerunt
568 1971 598 2020 et
613 1961 672 2019 alia
687 1961 841 2038 complura
855 1963 934 2020 scitu
949 1979 1022 2019 esne
1037 1960 1136 2036 digus.
1172 1958 1292 2020 Scilicet
1313 1962 1526 2038 appellaturis
1541 1966 1645 2042 priore

308 2061 445 2125 Ἀντωνία
460 2056 612 2148 Τρύφαινα
631 2054 780 2129 βασιλέως
795 2053 957 2130 Πολέμωνος
977 2052 1025 2120 καὶ
1039 2053 1219 2134 βασιλίσσης
1233 2055 1440 2148 Πνὸοδώρνδος
1454 2057 1645 2148 Φιλομήτορος

313 2277 517 2288 -ι--ῇ-

390 2417 415 2481 ¹)
440 2419 558 2470 Fratrem
578 2416 708 2467 crederem
728 2421 790 2466 netu
809 2416 934 2465 minorem
956 2416 1070 2480 proximi
1089 2415 1157 2481 regis
1169 2415 1380 2482 Rhescuporidis,
1401 2433 1459 2468 cum
1477 2421 1565 2484 plures
1583 2421 1648 2472 libe-

312 2529 355 2564 ros
375 2518 474 2562 constet
493 2511 577 2575 Cotyn
596 2510 738 2574 reliquisse,
764 2510 814 2558 nisi
833 2508 954 2570 obstaret,
985 2509 1054 2572 qnod
1074 2508 1273 2559 Rhoemetalces
1293 2511 1414 2560 successit
1431 2511 1512 2561 irater
1531 2513 1647 2566 Rhescu-

311 2571 390 2672 poris,
410 2619 458 2655 nec
477 2603 541 2653 duos
561 2603 676 2653 eiusdem
694 2601 807 2652 nominis
827 2601 919 2651 fratres
939 2601 1135 2652 Rhoemetalces
1154 2601 1274 2652 habuisse
1293 2609 1386 2668 potest.

391 2749 416 2814 ²)
441 2752 536 2803 Vellei.
550 2753 575 2812 2,
591 2752 652 2801 112.
690 2750 743 2800 Dio
765 2750 808 2812 55,
830 2750 873 2799 30.
911 2747 987 2800 Ovid.
1002 2763 1034 2799 ex
1053 2749 1138 2798 Ponto
1159 2751 1183 2810 2,
1198 2750 1223 2811 9,
1238 2751 1281 2800 45.
1298 2751 1341 2801 59.
1378 2752 1483 2802 Nummi
1504 2754 1558 2805 eius
1578 2759 1647 2824 regis

314 2853 404 2898 extant
423 2860 477 2894 nou
494 2844 579 2909 pauci,
601 2841 724 2893 habentes
745 2843 778 2892 ab
797 2857 848 2892 uns
867 2849 939 2907 parte
954 2848 1029 2906 ceput
1042 2842 1155 2906 Augusti
1173 2842 1302 2907 adscripto
1315 2846 1428 2907 nomine,
1448 2847 1571 2898 adiuncto
1590 2852 1647 2916 ple·
1687 2829 1693 2848 ⁴

314 2953 422 3003 rumque
441 2938 524 3004 cepitc
543 2936 646 2996 Liviae,
669 2936 701 2985 ab
721 2937 802 2986 ultera
821 2943 897 3000 caput
916 2935 983 2999 regis
1004 2933 1132 2998 adscripto
1152 2935 1213 3020 item
1232 2936 1358 2987 uocabulo
1377 2931 1556 3006 adiunctisqne
1576 2946 1647 3009 espi-

314 3032 381 3082 tibus
402 3045 459 3080 cum
478 3030 568 3080 uxoris
588 3035 641 3078 tum
660 3029 707 3078 lilii
727 3029 848 3088 intentis,
872 3027 960 3091 Cotyis
981 3027 1099 3077 uidelicet
1119 3026 1227 3087 (Eclrbel
1247 3030 1272 3090 2,
1295 3029 1348 3090 58).
1386 3031 1418 3081 In
1438 3032 1513 3081 titulo
1533 3033 1646 3100 Amphi·

313 3125 430 3190 politsno
450 3122 479 3173 C.
496 3123 518 3173 1.
533 3121 578 3173 Gr.
594 3122 665 3171 2009
686 3123 729 3186 qni
748 3103 896 3170 nominetuh
914 3103 1068 3187 Φιλᾶτειμος
1087 3116 1217 3182 βασιλέως
1234 3109 1407 3189 Ῥοιμητᾶλκα
1426 3119 1518 3181 δοῦλος
1537 3135 1563 3176 et
1582 3144 1648 3193 ques

314 3217 418 3266 titrrlum
436 3215 564 3265 urbsnum
584 3213 664 3265 Orell.
686 3214 737 3263 631
758 3213 844 3277 posuit
862 3209 933 3261 Iuh'a
957 3209 1085 3278 Tyndaris
1107 3209 1134 3262 0.
1148 3211 1202 3262 Iuh‘
1219 3213 1288 3279 reqie
1307 3211 1510 3268 Rhoemetalcces
1528 3217 1646 3284 Ridens)

315 3316 360 3359 aut
379 3309 413 3358 ad
431 3308 507 3356 huius
525 3307 650 3356 familiam
670 3306 847 3370 pertinuerunt
865 3305 960 3355 autad
980 3305 1106 3354 familiam
1125 3307 1286 3369 cognominis
1299 3307 1386 3357 fratris
1399 3309 1446 3358 tilii
1465 3309 1545 3372 (inira
1564 3329 1590 3363 n.
1606 3315 1647 3377 8);

315 3415 376 3450 nam
396 3400 439 3465 qui
458 3399 505 3449 sub
518 3399 566 3449 Pio
586 3400 613 3448 in
626 3399 744 3466 Bosporo
764 3398 881 3462 regnavit
893 3396 1088 3447 Rhoemetalces
1096 3413 1142 3447 rex
1157 3399 1199 3448 Ti.
1214 3399 1295 3449 Iulius
1313 3400 1363 3449 fnit
1382 3399 1422 3461 (C.
1436 3403 1458 3453 Ι.
1470 3402 1516 3453 Gr.
1529 3406 1601 3457 2108
1603 3407 1647 3472 s).

393 3524 418 3589 ³)
442 3527 548 3576 Tacitus
567 3541 626 3576 sun.
642 3529 667 3588 2,
683 3527 731 3576 64:
752 3540 842 3575 omnem
856 3539 910 3574 cam
925 3525 1048 3574 nationem
1067 3523 1234 3588 (Thraecum)
1248 3524 1432 3578 Rhoemetalces
1451 3536 1578 3592 tenueram
1599 3551 1647 3600 quo

318 3617 432 3686 delicncto
447 3617 576 3685 Augustus
591 3625 691 3686 partem
709 3616 846 3667 Thraecum
865 3615 1055 3683 Rhescuporidi
1064 3616 1151 3682 scatri
1169 3619 1229 3679 eius,
1245 3626 1345 3686 partem
1358 3619 1417 3686 fih'o
1436 3617 1510 3688 Cotyi
1522 3627 1650 3691 penaisr't.

317 3711 384 3762 Cum
401 3712 462 3762 libri
481 3712 587 3762 secundi
607 3712 773 3776 epistularum
793 3726 825 3760 ex
839 3711 924 3760 Ponto
944 3724 1039 3759 nouem
1057 3710 1165 3762 Ovidius
1185 3712 1294 3776 scripsit,
1314 3711 1510 3766 Rhoemetalces
1529 3727 1647 3770 mortuns

315 3804 378 3866 iuit3
399 3805 501 3869 scripsit
518 3812 603 3854 autem
624 3819 679 3854 enm
700 3819 723 3854 a.
743 3805 796 3852 iere
812 3803 863 3852 765
884 3801 989 3852 biennio
1009 3809 1067 3852 ante
1087 3803 1185 3852 obitum
1199 3803 1319 3868 Augusti.
1379 3785 1381 3790 Ι

393 3929 419 3993 ⁴)
442 3933 484 3981 Ex
503 3931 588 3982 Ponto
609 3934 634 3993 2,
655 3933 684 3982 9:
714 3927 787 3996 Cotyi
804 3931 867 3996 req-i.
905 3930 946 3980 lbi
965 3931 1002 3978 ait
1021 3945 1044 3978 v.
1059 3930 1106 3980 49:
1131 3945 1176 3980 nec
1196 3946 1282 3996 reycm
1302 3933 1431 4000 qaisquam
1449 3937 1530 4002 mape‘s
1549 3946 1587 3988 est
1609 3941 1648 3989 iu·

317 4031 425 4074 structus
449 4020 482 4073 ah
505 4023 560 4074 illis
582 4023 699 4086 (artibus)
722 4021 822 4072 mitibus
846 4029 891 4072 aut
913 4021 1005 4072 studiis
1029 4029 1140 4088 tempora
1164 4022 1246 4089 plura
1268 4023 1353 4074 dedit:
1377 4029 1490 4077 carmiuc
1515 4036 1648 4093 testantur,

318 4133 389 4184 quae,
415 4118 439 4166 ai
457 4123 500 4164 tua
519 4118 618 4166 nomina
637 4115 729 4177 demus,
755 4113 895 4164 Threicium
913 4116 1022 4164 iuncnem
1041 4115 1206 4181 conposuisse
1225 4131 1317 4181 negem.
1356 4120 1488 4184 Antipatri
1508 4123 1650 4175 Thessalo·

318 4209 430 4259 nicensis
448 4210 562 4274 aequalis
581 4210 661 4273 ipsius
681 4210 707 4258 in
726 4223 784 4258 eum
805 4209 969 4272 epigramma¹
982 4208 1074 4272 legitur
1087 4208 1114 4256 in
1130 4207 1279 4272 anthologia
1291 4210 1425 4262 Plenudea
1445 4215 1470 4275 4,
1486 4216 1520 4265 75
1541 4214 1578 4279 (2,
1595 4219 1649 4268 646

320 4300 423 4363 Iacobs)
442 4301 503 4351 hoc:

628 4390 689 4455 Ζηνὶ
708 4385 750 4442 καὶ
766 4382 913 4441 ’Δπδλλωνι
932 4389 972 4440 καὶ
990 4380 1075 4460 ΙἌρει,
1095 4388 1177 4442 τίκνον
1197 4379 1314 4457 ἀνάκτων,

725 4480 822 4534 εἴκελον
842 4477 942 4556 conch]
963 4481 1068 4552 μητέρος
1088 4478 1183 4556 ον’τοκῖῃ

625 4565 705 4627 κᾶντα
723 4593 763 4626 τοι
782 4575 807 4626 ἐκ
826 4574 940 4644 Moscius
959 4567 1094 4642 βασιλήια,
1115 4567 1194 4627 πάντα
1211 4574 1299 4627 τέλεια

728 4657 824 4732 ἦλθεν·
839 4658 958 4733 ὲποιῆθης
978 4663 1004 4717 δ’
1018 4665 1087 4737 ἔργον
1106 4658 1272 4720 οἱοιδοπᾶλνν,

628 4749 692 4820 Zetis
711 4759 833 4827 σκῆπτρον
852 4755 995 4826 βασίλειον,
1014 4750 1096 4828 'Apes
1116 4753 1183 4830 δορυ,
1204 4752 1362 4827 autiocheno
1383 4761 1410 4814 δὶ

729 4853 827 4918 Φοῖβος
846 4850 917 4926 ἔχει·
937 4841 1003 4924 aruph
1023 4848 1066 4904 σοὶ
1087 4849 1113 4904 δ’
1127 4844 1213 4924 ἀθρᾶο
1229 4843 1317 4920 πάντα,
1338 4847 1414 4908 Ks'ru.

399 4988 423 5052 ⁵)
447 4967 637 5042 Nerrautrcm
661 4993 768 5044 Tacitus
788 4995 817 5055 2,
839 4993 958 5044 64-61
985 4999 1010 5043 et
1028 4993 1143 5044 Velleius
1163 4996 1194 5056 2,
1217 4995 1284 5055 1293
1309 4995 1342 5046 cl.
1363 4995 1470 5049 Sueton.
1490 4999 1550 5050 Tib.
1572 4999 1606 5052 37
1627 5009 1654 5052 et

323 5082 407 5139 Strab.
427 5083 444 5133 l.
466 5099 487 5134 c.
1656 5106 1659 5115 ·

400 5210 424 5276 ⁶)
450 5213 534 5266 Strab.
550 5215 592 5277 12,
609 5214 633 5276 3,
648 5215 682 5264 29
702 5230 727 5279 p.
743 5215 804 5265 556.
