3540 5828
552 1701 680 1818 Lnx
705 1697 1012 1814 1101οΝ1111

184 1886 354 1963 IVLIAE
381 1884 664 1962 GENETIVAE
691 1884 1000 1962 VRBANORVM
1027 1883 1137 1959 SIVE
1164 1879 1372 1958 VRSONIS

585 2031 690 2083 narn
709 2033 744 2083 n.
765 2033 798 2082 v.
820 2031 849 2083 c.
869 2030 977 2082 ncox.

300 2204 653 2266 ADDITAMENTVM
676 2205 734 2266 AD
758 2201 968 2266 CORPORIS
992 2200 1200 2264 VOLVMEN
1222 2202 1264 2260 ll.

116 2618 208 2764 Sub
236 2704 326 2762 finem
349 2724 375 2762 a.
395 2704 473 2762 1870
497 2703 543 2761 vel
571 2705 691 2778 ineunte
714 2723 740 2760 a.
759 2703 836 2762 1871
861 2711 996 2780 repertae
1024 2711 1095 2760 sont
1121 2701 1240 2760 tabulae
1264 2717 1368 2758 aereae
1390 2707 1451 2758 tres

116 2825 210 2883 prope
227 2804 387 2878 Ursonem,
409 2825 485 2883 quae
506 2806 595 2865 hodie
612 2806 712 2865 Osuna
735 2815 792 2876 est,
815 2806 844 2864 in
861 2806 1012 2883 Hispania
1027 2803 1200 2880 Baetica¹),
1223 2804 1289 2862 loco
1312 2802 1451 2878 quodam,

116 2927 206 2984 quem
228 2910 400 2967 accuratius
422 2909 448 2966 is
471 2909 524 2988 qui
545 2895 813 2967 invenit'indicare
835 2908 943 2966 noluit.
977 2905 1036 2980 Qui
1059 2907 1187 2985 primum
1209 2905 1367 2984 propagati
1383 2913 1454 2962 sunt

116 3031 173 3086 per
192 3012 304 3070 amicos
322 3010 519 3088 Hispalenses
543 3011 579 3069 de
598 3011 657 3068 hoc
677 3012 799 3069 invento
820 3028 956 3068 rumores
973 3010 1040 3086 vagi
1063 3018 1092 3068 et
1113 3027 1208 3087 paene
1227 3007 1356 3066 fabulosi
1379 3005 1450 3083 (sci-

117 3113 189 3170 licet
212 3112 383 3188 quindecim
406 3112 452 3171 vel
475 3113 551 3170 adeo
574 3123 635 3171 tres
657 3121 687 3172 et
708 3113 814 3190 viginti
836 3112 954 3172 tabulas
976 3112 1137 3187 inscriptas
1160 3117 1294 3187 repertas
1317 3127 1385 3168 esse
1407 3107 1452 3167 illi

116 3214 342 3292 nuntiaverant)
363 3234 533 3291 quanquam
556 3228 663 3292 postea
683 3215 869 3292 comprobati
892 3233 951 3274 non
975 3225 1057 3286 suut,
1083 3224 1183 3273 tamen
1204 3213 1269 3271 fieri
1292 3229 1397 3289 posse,
1420 3219 1453 3270 ut

117 3325 237 3394 praeter
262 3327 323 3375 tres
350 3316 468 3376 tabulas
496 3327 602 3393 postea
627 3317 761 3394 prolatas
789 3327 842 3375 aut
868 3337 927 3376 unu
954 3326 1006 3376 aut
1032 3317 1133 3393 plures
1160 3315 1291 3395 amplius
1319 3314 1452 3374 detectae

118 3419 193 3491 sint,
222 3418 274 3478 sed
303 3419 430 3492 celatae,
461 3419 512 3496 qui
541 3419 695 3478 hominum
723 3420 797 3479 lucri
826 3420 1086 3495 cupidissimorum
1114 3419 1254 3478 astutiam
1283 3417 1366 3476 novit
1392 3435 1452 3474 uon

118 3521 255 3597 negabit;
282 3521 387 3579 tertiae
415 3541 433 3579 a
460 3539 492 3580 se
518 3522 615 3580 editae
641 3531 756 3599 partem
779 3541 855 3598 quae
878 3522 1063 3581 desideratur
1084 3532 1113 3580 et
1134 3522 1231 3597 ipsam
1253 3529 1372 3590 extare,
1400 3518 1453 3578 sed

118 3623 216 3681 adhuc
237 3623 344 3694 celari,
370 3623 459 3681 etiam
483 3623 633 3700 Berlanga
654 3624 807 3700 probabile
830 3642 896 3683 esse
922 3625 1043 3683 iudicat.
1086 3625 1214 3702 Emptae
1236 3631 1305 3681 sunt
1327 3641 1353 3679 a.
1372 3621 1450 3680 1871

119 3725 240 3784 tabulae
261 3725 333 3783 illae
355 3733 416 3784 tres
438 3744 457 3782 a
477 3726 641 3785 Francisco
664 3725 1032 3786 Caballero-lnlante
1053 3746 1073 3803 y
1096 3727 1232 3800 Zuazo,
1260 3728 1318 3786 civi
1340 3727 1452 3805 Hispa-

118 3829 212 3899 lensi,
239 3837 269 3886 et
290 3827 440 3904 Hispalim
468 3828 631 3887 translatae
659 3829 689 3885 in
717 3828 837 3888 domum
864 3829 975 3904 ipsius,
1004 3829 1054 3888 ubi
1077 3830 1174 3888 adhuc
1196 3837 1362 3889 servantur.
1406 3830 1453 3889 Ibi

119 3939 279 4012 postquam
307 3930 435 4006 amplius
463 3949 572 3990 annum
600 3931 750 4008 integrum
778 3931 906 3990 ineditae
928 3942 1150 4004 remanserunt,
1178 3932 1255 3991 vidit
1276 3950 1327 3992 eas
1350 3949 1453 3990 meuse

118 4032 231 4091 Martio
253 4052 278 4090 a
299 4030 377 4091 1878
400 4032 577 4091 Emmanuel
593 4033 776 4109 Berlanga
790 4033 989 4092 Malacitauus
1012 4034 1050 4104 is,
1072 4034 1123 4110 qui
1144 4044 1212 4092 ante
1230 4035 1335 4111 viginti
1358 4053 1460 4100 annos,

119 4134 238 4192 tabulas
259 4135 470 4192 Malacitanam
498 4143 526 4191 et
550 4133 768 4212 Salpensanam
791 4133 1228 4213 (C.I.L.11‚1963.1964)
1254 4137 1369 4214 primus
1392 4136 1454 4195 etli-
1550 4179 1552 4188 ,

9 4287 11 4298 ,
119 4237 215 4308 derat,
238 4245 268 4295 et
289 4256 307 4293 a
328 4235 448 4294 domino
471 4246 594 4312 rogatus
618 4257 684 4296 cum
707 4237 838 4296 edendas
861 4256 912 4296 eas
935 4239 1129 4314 suscepisset,
1151 4249 1257 4297 octavo
1276 4257 1378 4298 mense
1393 4239 1454 4296 edi·

118 4339 230 4397 tionem
254 4338 388 4398 Malacae
416 4338 547 4396 absolvit
570 4339 649 4397 inter
675 4339 778 4398 turbas
805 4339 922 4410 civiles,
949 4358 1026 4416 quae
1052 4347 1085 4398 ut
1105 4342 1233 4416 patriam
1256 4360 1310 4417 per
1331 4341 1454 4418 aliquot]

117 4441 264 4520 temporis
286 4441 415 4516 spatium
438 4440 619 4516 relinqueret
640 4454 669 4500 et
690 4442 721 4500 iu
737 4441 870 4500 Africam
890 4443 1032 4520 migraret
1047 4451 1216 4520 coegerunt.
1249 4442 1366 4502 Prodiit
1380 4443 1456 4502 liber

9 4541 12 4612 ζ
116 4562 221 4604 menae
237 4542 397 4602 Decembri
420 4562 446 4600 a.
463 4541 553 4614 1878,
576 4543 656 4620 typis
678 4564 716 4602 ex
738 4553 823 4621 parte
838 4563 987 4604 excussus
1003 4545 1263 4618 Berolinonsibus,
1285 4546 1365 4625 apud
1380 4547 1454 4604 Am-

9 4635 15 4700 l
117 4647 254 4706 brasium
276 4645 377 4704 Rubio
400 4653 430 4703 et
451 4646 642 4721 Alphonsum
667 4643 751 4705 (lano
773 4647 923 4720 librarios,
946 4647 1034 4707 titulo
1056 4648 1113 4707 hoc

276 4745 338 4804 Loa
366 4748 480 4806 brancas
508 4749 542 4805 dc
566 4748 667 4807 Oauna
692 4768 747 4824 qua
769 4751 888 4826 publica
911 4749 1031 4808 Manae!
1050 4751 1211 4827 Rodripasa
1238 4752 1272 4809 dc
1293 4751 1454 4826 Berlunpu.

276 4849 414 4908 Malacae
437 4847 741 4910 MDCCCLXXIII.
786 4852 814 4910 8.
838 4852 907 4910 mai.
930 4851 995 4930 (pp.
1013 4851 1099 4929 856).

192 5175 217 5239 ¹)
251 5173 296 5225 Cf.
317 5173 368 5222 rol.
383 5173 411 5224 11
429 5190 454 5240 p.
469 5171 529 5224 191.
