3554 5828
310 503 385 576 194
878 521 1059 575 conssnn:

304 698 450 776 imagines
478 697 631 774 galearum
664 715 730 756 curn
758 696 855 757 titulis
886 703 1021 758 accurate
1046 696 1239 755 adumbratas
1260 693 1440 772 publicavit,
1469 693 1636 753 sedetiam

305 808 416 858 statum
443 809 532 876 atque
561 800 706 877 originem
735 798 891 876 utriusque
917 799 1045 858 cassidis
1073 799 1232 876 diligenter
1257 795 1457 867 examinavit,
1485 795 1635 855 Anticlitd

305 902 352 960 del
377 901 479 960 Museo
506 904 537 960 di
565 901 712 974 Polermo,
740 912 795 961 tac.
824 901 869 974 ΙΙ,
896 903 924 960 4.
954 903 982 960 5.
1010 901 1031 960 6
1051 921 1084 978 p.
1108 901 1147 960 46
1174 919 1217 976 sq.
1266 897 1403 974 Cumque
1432 915 1488 976 ego
1516 897 1636 958 collatis

304 1004 448 1063 Panormi
476 1003 641 1064 litterarum
668 1003 773 1062 formis
800 1004 831 1062 in
859 1013 983 1080 unaque
1010 993 1131 1081 scriptis
1153 1002 1225 1061 mihi
1247 1001 1473 1079 persensissem,
1501 1001 1637 1079 integrae

305 1107 410 1184 galeae
432 1105 551 1164 titulum
574 1107 612 1164 ad
627 1106 853 1166 similitudinem
868 1106 991 1164 alterins
1014 1108 1044 1164 in
1060 1105 1155 1164 fracta
1175 1105 1263 1164 incisi
1285 1113 1390 1164 nostra
1403 1103 1521 1162 demum
1536 1111 1637 1162 aetate

305 1208 462 1268 confictum
490 1226 575 1281 esse,
608 1208 647 1267 A,
675 1207 795 1271 Salinas
821 1227 936 1267 mecum
964 1207 1152 1268 consentiens
1179 1205 1348 1268 certissima
1374 1206 1487 1266 invenit
1515 1205 1637 1277 indicia,

304 1311 452 1390 integram
474 1310 557 1370 illam
580 1310 738 1385 cassidem,
762 1330 850 1388 quam
873 1329 951 1370 anno
970 1310 1048 1370 1863
1072 1309 1205 1370 vendidit
1226 1310 1328 1386 opifex
1350 1309 1472 1385 quidam
1494 1308 1635 1367 aurarius

304 1412 427 1473 Porccsi
454 1414 586 1484 nomine,
612 1412 728 1472 falsarii
755 1431 824 1472 esse
850 1431 936 1490 opus.
987 1412 1056 1488 Qua
1083 1413 1119 1472 de
1149 1431 1182 1471 re
1207 1412 1327 1491 plenius
1351 1412 1399 1489 egi
1426 1412 1457 1470 in
1485 1429 1637 1470 commen·

183 1593 184 1596 Ἴ
304 1517 416 1575 tatione
452 1517 488 1574 de
523 1511 644 1593 linguae
686 1515 787 1576 Oscae
832 1515 1011 1593 quibusdam
1058 1515 1257 1574 monumentis
1304 1515 1427 1590 scripta,
1464 1514 1512 1572 ubi
1542 1513 1637 1571 etiam

304 1617 385 1676 tituli
412 1618 568 1695 utriusque
603 1619 708 1694 galeae
748 1617 876 1695 effigiem
912 1637 931 1676 a
963 1638 1010 1702 me
1043 1617 1221 1678 delineatam
1257 1614 1483 1693 imprimendam
1519 1616 1637 1687 curavi,

306 1721 339 1779 Z.
357 1723 384 1799 f.
406 1720 493 1797 carpi.
518 1719 586 1800 Spr.
609 1721 717 1794 XXII,
738 1741 768 1799 p.
791 1721 850 1782 299
871 1739 913 1800 sq.

870 2019 1073 2030 ——uu—-n-

939 2380 1003 2457 ΠΙ.

343 2569 409 2646 DE
435 2567 778 2646 INSORIPTIONE
805 2565 1073 2646 SABELLIOA
1099 2567 1219 2645 AGRI
1245 2567 1593 2644 PRAETVTIANI.

384 2823 443 2882 Th.
476 2824 643 2883 Mommsen
676 2843 715 2883 ex
745 2824 850 2883 itinere
886 2823 993 2884 Italico
1025 2824 1121 2883 redux
1153 2823 1227 2882 mihi
1258 2822 1398 2899 praebuit
1429 2823 1641 2901 apographum
1719 2823 1722 2826 ’

244 2913 262 2934 ’
304 2924 507 3002 inscriptionis
529 2927 561 2985 in
583 2944 655 3005 agro
677 2925 873 2987 Praetutiano
894 2927 1064 2994 Picentium
1086 2927 1235 2998 inventae,
1257 2925 1338 3001 quod
1360 2944 1379 2983 a
1399 2924 1509 2984 Ianelli
1530 2924 1639 2985 biblio-

305 3027 437 3087 thecario
458 3026 661 3104 Neapolitano
686 3029 810 3107 accepit,
831 3050 930 3108 penna
950 3030 990 3089 ad
1011 3027 1237 3090 similitudinem
1260 3027 1370 3105 lapidis
1397 3027 1578 3086 delineatum
1601 3029 1640 3087 ab

302 3132 415 3190 incerto
441 3136 571 3190 auctore.
614 3131 663 3190 De
691 3131 850 3209 alphabeto
877 3129 1026 3192 Sabellico
1054 3141 1087 3191 ut
1112 3150 1214 3211 agam,
1245 3148 1304 3207 quo
1336 3129 1537 3206 conscriptum
1570 3147 1640 3191 esse

303 3233 381 3292 huuc
406 3233 525 3292 titulum
554 3233 721 3294 Mommsen
754 3234 838 3308 vidit,
872 3235 999 3312 effigiem
1034 3234 1199 3314 apographi
1223 3232 1281 3292 hoc
1307 3233 1375 3292 loco
1404 3251 1507 3292 eorum
1537 3233 1636 3294 oculis

303 3327 529 3414 proponendam
550 3354 618 3396 esse
640 3337 780 3410 arbitror,
802 3337 853 3414 qui
875 3338 962 3414 periti
985 3347 1054 3398 snut
1075 3338 1182 3396 harum
1204 3356 1303 3396 rerum
1325 3335 1510 3416 cognitores:
1553 3411 1556 3418 Ι
