3466 5820
417 535 724 591 oasnnvnmonns
749 537 1022 591 nerennrntcnn
1040 537 1147 591 xvnr.
1372 518 1444 589 269

206 710 422 790 supplementa
447 713 628 772 carminibus
656 713 758 772 addita
784 732 964 790 quamquam
997 729 1052 790 pro
1078 731 1111 772 re
1145 712 1182 770 ad
1209 712 1332 794 verbum
1361 733 1447 791 prae·

120 816 195 875 stari
230 822 396 893 nequeunt,
436 833 534 876 rerum
577 825 752 894 argumenta
793 815 1065 891 sententiarumque
1104 814 1239 876 ordinem
1278 834 1448 892 nexumque

120 917 327 977 Buechelerus
351 918 416 978 sine
439 917 530 978 dubio
551 919 595 977 ita
616 918 778 978 adsecutus
801 928 856 990 est,
878 925 912 978 nt
932 937 1083 997 perpauca
1097 916 1165 991 siut,
1188 919 1347 994 dequibus
1369 920 1450 978 iusta

122 1020 269 1080 dubitatio
292 1022 431 1097 supersit.

202 1123 305 1207 Primo
334 1124 465 1182 carmine
487 1133 634 1201 quatenus
659 1125 793 1202 intellegi
820 1131 922 1201 potest
947 1125 1074 1183 victoria
1100 1124 1136 1182 de
1158 1121 1350 1184 Tacfarinate
1372 1123 1448 1186 cele·

121 1227 224 1285 bratur
246 1227 277 1284 in
299 1227 480 1287 universum.

206 1327 344 1390 Secundo
372 1321 524 1389 dedicatur
549 1348 609 1390 non
636 1339 696 1390 tam
723 1335 882 1404 praetexta
910 1330 1122 1401 sacerdotalis,
1152 1329 1266 1388 scilicet
1299 1350 1335 1389 ea
1360 1350 1448 1408 quam

120 1432 247 1508 primam
273 1431 412 1490 induerat
434 1430 599 1492 Caesianus
622 1433 783 1510 septemvir
811 1432 900 1509 epulo
927 1451 946 1490 a
973 1432 1020 1490 Ti.
1044 1430 1175 1492 Caesare
1196 1442 1327 1502 creatus,
1361 1451 1449 1508 quam

122 1535 252 1609 Apronii
274 1533 326 1591 filii
349 1534 464 1610 effigies
486 1543 645 1610 praetexta
665 1553 701 1593 ea
722 1535 817 1594 induti
825 1556 834 1606 3
866 1552 901 1591 eo
924 1534 1003 1593 euim
1030 1534 1112 1592 ducit
1138 1534 1219 1610 quod
1246 1547 1291 1593 est
1312 1554 1340 1594 v.
1364 1536 1381 1592 3
1405 1536 1450 1594 hio

121 1637 194 1694 idem
208 1637 278 1709 mit.
323 1634 459 1696 Conserri
486 1644 587 1713 potest
613 1637 692 1712 quud
720 1637 762 1695 ait
789 1636 928 1695 Valerius
961 1636 1114 1695 Maximus
1142 1638 1274 1709 3,1,1:
1311 1637 1450 1696 Aemilius

121 1736 252 1814 Lepidus
273 1757 346 1814 puer
374 1743 515 1798 etiamtum
533 1757 711 1816 progressus·
731 1743 762 1797 iu
787 1743 877 1798 acina
903 1739 1007 1798 hostem
1034 1742 1182 1812 interemit,
1212 1744 1297 1798 ciuem
1318 1743 1450 1812 servavit,

122 1844 202 1898 cuius
225 1881 232 1897 .
318 1845 413 1918 operis
440 1844 525 1900 indes
552 1852 593 1902 est
618 1845 649 1898 in
682 1840 825 1918 Capitolio
852 1851 949 1900 stema
971 1841 1082 1902 bullato
1113 1853 1138 1901 et
1158 1846 1283 1903 incincta
1302 1852 1451 1918 praetenta

121 1953 236 2001 senatus
258 1943 384 2002 consulto
408 1948 523 2020 posita,
554 1945 625 2003 item
646 1961 786 2004 nummus
809 1963 874 2003 earn
897 1951 1027 2003 statuam
1048 1961 1220 2022 proponens
1241 1944 1343 2004 addito
1365 1944 1451 2003 titulo

121 2043 164 2102 M.
188 2043 319 2122 Lepidus
341 2044 507 2122 aemorum)
536 2045 604 2106 XV
620 2046 821 2124 pr(opressus)
842 2046 976 2123 li(ostem)
1003 2046 1132 2124 o(ccidit)
1161 2047 1276 2124 c(ivem)
1299 2046 1451 2124 s(srcnm't)

122 2145 205 2222 (edm.
243 2147 424 2207 Meiuzwesen
456 2168 487 2224 p.
514 2149 600 2225 634).
638 2182 676 2192 -
725 2147 892 2225 Utriusque
923 2145 1083 2226 fragmenti
1118 2150 1265 2226 reliquiae
1300 2149 1451 2227 quomodo

121 2250 373 2326 coagmentandae
395 2251 464 2323 sint,
490 2251 674 2328 intellegitur
699 2251 829 2309 maxime
851 2269 890 2332 ex
911 2252 999 2310 huius
1022 2253 1163 2312 carminis
1193 2271 1218 2308 v.
1242 2254 1276 2326 4,
1303 2253 1355 2312 ubi
1375 2252 1452 2314 inter

122 2367 154 2408 se
177 2361 368 2429 opponuntur
388 2363 561 2431 praetextae
583 2353 660 2412 duae
681 2354 804 2430 puerilis
824 2354 924 2432 posita
945 2361 976 2412 et
997 2353 1191 2413 sacerdotalis
1213 2363 1342 2431 sumpta.

206 2453 311 2513 Tertia
332 2456 443 2533 pagina
462 2456 521 2515 duo
550 2457 766 2533 epigrammata
787 2449 927 2528 continet,
963 2467 1090 2533 qnorum
1111 2457 1204 2516 altero
1225 2457 1307 2515 iilius
1336 2456 1455 2516 dedicat

122 2556 367 2635 effigiompatris
389 2575 538 2618 unacum
565 2560 656 2619 armis
684 2577 761 2635 quae
788 2558 883 2635 gessit
910 2560 942 2618 in
967 2577 1070 2636 pugna
1088 2541 1149 2618 illa
1174 2559 1332 2632 Africana,
1360 2559 1453 2618 altero

121 2668 208 2738 pater
227 2659 367 2737 filiusque
390 2661 519 2739 effigiem
540 2660 665 2721 Tiberii.
688 2693 727 2704 ·-
764 2660 814 2720 Ad
835 2681 862 2720 v.
887 2660 904 2718 7
927 2661 964 2720 cf.
987 2660 1114 2721 Ovidius
1137 2681 1176 2721 ex
1197 2659 1296 2720 Ponto
1318 2663 1346 2734 4,
1359 2659 1452 2734 7‚38:

118 2779 248 2840 parsque
263 2763 328 2837 sere
356 2767 429 2822 scuti
449 2763 565 2822 valuere
586 2764 669 2822 nulla
690 2774 781 2823 vacat.
818 2796 859 2806 -
902 2762 1032 2822 Hastam
1053 2784 1091 2823 ne
1113 2765 1179 2841 quis
1202 2764 1362 2824 contendat
1383 2763 1453 2822 duci

123 2863 262 2923 Romano
289 2884 395 2943 parum
423 2867 590 2939 convenire,
617 2866 818 2925 Buechelerus
845 2867 918 2925 haec
940 2866 1113 2944 adscripsit:
1148 2864 1249 2942 ‘Quod
1271 2868 1301 2925 in
1323 2866 1452 2925 nummis
1531 2857 1533 2862 ’

120 2963 287 3045 ‘Augustus
310 2968 425 3026 hastam
447 2977 528 3027 tenet
549 2977 581 3027 ut
601 2967 699 3028 Roma
725 2968 782 3026 dea
802 2968 924 3046 aliique,
946 2969 976 3028 id
997 2969 1125 3030 fortasse
1151 2989 1212 3028 non
1235 2970 1273 3028 ad
1295 2969 1387 3027 vitam
1408 2968 1454 3026 in·

122 3066 269 3128 ‘stitutum
296 3077 358 3142 est,
390 3070 443 3130 sed
465 3071 503 3130 ad
535 3081 645 3142 artem3
679 3091 734 3130 nec
763 3071 833 3148 plns
853 3071 1044 3130 tribuendum
1076 3081 1122 3131 est
1151 3082 1258 3151 poetae
1281 3071 1454 3149 (Propertio

118 3167 256 3248 ι5,(ἶ,56)
291 3173 463 3250 Angustum
485 3173 517 3232 iu
537 3190 639 3250 pugna
653 3173 778 3233 Actiaca
800 3174 843 3232 sic
869 3173 991 3233 facienti
1006 3193 1072 3232 cum
1087 3176 1230 3252 Apolline
1245 3193 1454 3252 prorumpere:

120 3271 262 3350 ‘monimo
294 3285 363 3351 post
387 3293 472 3334 orcus
507 3275 640 3335 Caesaris
673 3276 757 3335 tastu
776 3278 846 3351 suit.
900 3278 944 3335 At
976 3278 1155 3336 monstrarit
1187 3279 1260 3337 mihi
1286 3277 1454 3339 Kekuleius

119 3372 248 3453 ‘collega
269 3375 434 3437 Traianum
453 3378 570 3437 hastam
591 3378 770 3438 iaculantem
798 3380 829 3438 in
849 3379 966 3437 hostem
988 3379 1019 3437 in
1044 3397 1130 3438 arcus
1155 3381 1345 3458 triumphalis
1366 3381 1456 3440 hodie

119 3473 321 3538 ‘Constantini
344 3480 473 3557 imagine
495 3479 625 3556 (Bartoli
647 3481 752 3540 admir.
768 3481 827 3540 tab.
847 3483 900 3553 ll;
923 3481 1046 3541 Rossini
1062 3483 1144 3542 archi
1158 3484 1291 3558 triousuli
1312 3483 1370 3542 tab.
1389 3484 1454 3560 73).

118 3580 243 3640 *Ibidem
271 3581 405 3657 (Bartoli
432 3583 491 3643 tab.
515 3583 571 3654 183
604 3583 725 3644 Rossini
752 3584 811 3641 tab.
833 3584 882 3656 71,
904 3583 944 3658 5)
977 3585 1105 3644 cernitur
1135 3585 1219 3644 iuxta
1245 3586 1454 3662 imperatorem

120 3681 215 3742 ‘stans
253 3684 313 3743 dux
350 3684 522 3757 Romanus,
550 3686 667 3762 legatus
698 3697 731 3744 nt
756 3687 873 3744 videtur
900 3687 1089 3758 tribunusve,
1116 3687 1233 3746 hastam
1260 3697 1375 3748 tenens.
1419 3688 1455 3748 Iu

119 3780 266 3845 ‘columna
287 3786 413 3846 Traiani
434 3787 606 3846 Froehnero
629 3795 705 3846 teste
726 3808 755 3865 p.
772 3788 811 3847 93
844 3787 983 3846 editionis
1011 3789 1134 3848 minoris
1155 3791 1318 3867 imperator
1337 3791 1455 3850 hastam

120 3887 317 3974 ‘(uajucelot)
340 3899 434 3962 tenet,
461 3909 550 3967 quam
573 3898 606 3947 nt
627 3891 658 3948 in
680 3891 903 3968 oppugnatione
929 3892 1046 3950 castelli
1072 3893 1124 3951 vix
1149 3892 1310 3952 credideris
1338 3893 1455 3952 hastam

121 3986 247 4068 ‘puram
291 3991 390 4050 Etiam
414 3989 528 4051 Statius
551 3993 619 4051 silv.
636 3993 664 4066 3,
681 3992 709 4064 2,
729 3993 765 4052 16
789 3993 825 4052 de
847 3992 953 4053 Celere
975 3995 1075 4072 legato
1097 3987 1345 4072 Angusti'quidi
1364 3981 1455 4072 sortis

121 4091 141 4151 ‘.
165 4135 173 4151 .
197 4137 204 4151 .
227 4095 340 4166 iaculo,
373 4095 447 4154 nihil
481 4096 564 4154 aliud
595 4114 744 4155 armorum
777 4097 918 4156 adiciens.
975 4096 1112 4173 Denique
1150 4105 1182 4155 ut
1214 4115 1305 4175 neges
1337 4097 1455 4157 hastam
1555 4167 1557 4174 Ι

122 4191 211 4254 ‘inter
222 4195 356 4274 legitima
374 4217 457 4257 arma
468 4198 596 4274 Apronii
611 4198 697 4276 pueri
711 4198 816 4270 luisse,
838 4217 1019 4275 quamquam
1036 4218 1095 4258 non
1110 4200 1230 4276 negabit
1251 4201 1302 4277 qui
1316 4201 1456 4278 inspexe-

120 4292 171 4356 ‘rit
185 4307 376 4358 monumenta
386 4300 450 4370 illa,
468 4300 565 4377 potuit
579 4302 716 4378 gregario
727 4321 791 4360 eam
802 4302 948 4379 eripuisse
969 4310 999 4361 et
1009 4303 1051 4361 ita
1065 4320 1273 4360 consummare
1284 4299 1456 4381 tropaeum?

124 4431 167 4442 —
184 4401 222 4460 10
236 4402 268 4460 in
290 4417 378 4462 rosvr
395 4403 466 4478 quid
481 4403 562 4474 insit,
585 4403 660 4462 satis
675 4403 799 4480 adsequi
814 4423 874 4462 non
888 4403 1047 4482 potuimus.
1091 4404 1195 4463 Potuit
1209 4405 1266 4472 hoc
1281 4407 1347 4464 loco
1362 4408 1456 4469 nomi-

122 4504 190 4562 nari
217 4503 278 4562 dux
304 4502 503 4563 Numidarum
532 4506 570 4562 ab
596 4491 732 4581 Apronio
759 4507 931 4566 interfectus
958 4514 988 4565 et
1014 4508 1045 4564 in
1077 4507 1179 4566 tabula
1205 4509 1319 4584 scripta
1345 4509 1455 4568 litteris

123 4605 227 4682 pravis
256 4607 434 4668 vocabulum
467 4607 590 4683 aliquod
616 4606 822 4680 Numidicum,
861 4619 893 4668 ut
924 4617 970 4668 est
991 4609 1088 4668 Bocat
1119 4610 1179 4686 (sic
1212 4611 1291 4668 enim
1319 4609 1455 4690 Bogudis

123 4708 207 4783 regis
229 4728 337 4769 nomen
359 4711 471 4768 nummi
494 4709 678 4787 enuntiant),
706 4729 726 4768 a
748 4709 916 4770 Gualthero
943 4730 1010 4770 cum
1033 4730 1068 4770 eo
1096 4713 1178 4788 qnod
1200 4711 1282 4771 dedit
1303 4715 1455 4774 confundi.
1502 4715 1506 4724 '

125 4807 188 4869 Sed
208 4811 348 4887 religioni
369 4811 426 4869 fuit
448 4811 650 4870 coniecturam
672 4822 733 4871 tarn
754 4813 898 4871 incertam
920 4833 1019 4873 rerum
1041 4815 1202 4873 memoriae
1223 4815 1332 4874 inferre
1354 4817 1456 4893 itaque

123 4911 155 4969 id
184 4912 357 4987 posuimus,
387 4914 468 4990 quod
497 4921 528 4973 ut
557 4914 687 4973 fortasse
714 4932 773 4973 non
796 4915 891 4992 magis
920 4935 1022 4975 verum
1056 4926 1118 4989 est,
1151 4927 1231 4978 certe
1257 4936 1364 4977 nocere
1396 4939 1455 4980 non

123 5021 234 5092 potest.
656 5071 658 5076 ,
1158 5018 1218 5079 Tu.
1240 5021 1413 5088 Monesen.
