3540 5828
329 519 399 591 156
883 505 1078 590 'corissum

324 711 352 769 d.
371 710 440 770 Oslc.
457 709 525 786 Spr.
545 731 576 787 p.
593 709 660 787 93).
703 710 770 768 Hoc
791 729 863 769 vero
884 712 1008 788 antiquo
1031 711 1205 770 accusativo
1226 708 1351 769 Lucano
1374 734 1420 767 εκο
1442 710 1655 788 comprobatur

324 832 392 872 mea
414 815 578 886 sententia,
607 813 696 872 etiam
721 836 823 896 σακορο
846 814 874 870 in
899 813 986 872 titulo
1007 813 1253 872 Mamertinorum
1273 813 1456 872 Messinensi
1481 831 1549 872 esse
1570 831 1657 871 accu-

325 917 454 976 sativum
476 917 552 994 siug.
574 926 680 989 neum,
696 905 829 994 ‘ideoque
851 916 943 974 verba
963 916 1043 974 eius:
1066 914 1191 992 [Στι]νις
1212 919 1329 976 Καλινις
1344 915 1505 986 Euareten,
1527 915 1657 999 [bladae

323 1023 463 1086 Πομπτιες
484 1013 649 1088 sevaston
677 1011 795 1098 μεδδιιξ
818 1039 937 1087 cunutus
970 1016 1065 1094 [ειν]ιμ
1096 1040 1178 1074 τουτο
1201 1023 1357 1101 Μαμερτινο
1380 1003 1581 1094 [quamam
1603 1041 1657 1074 σα-

238 1101 239 1106 i
322 1144 386 1204 κορο
410 1121 554 1198 (Mommc.
581 1121 644 1180 Urit.
665 1121 749 1178 Dicl.
766 1131 783 1178 t.
802 1117 878 1192 XII,
900 1118 949 1191 39,
965 1139 998 1195 p.
1013 1118 1070 1179 193
1091 1121 1150 1196 sq.)
1172 1121 1353 1196 siguificare:
1378 1118 1494 1180 Stenius
1516 1119 1657 1178 Kalinius

324 1222 413 1282 Statii
433 1226 478 1301 s.‚
506 1223 612 1282 Maras
634 1223 782 1299 Pomptina
804 1222 963 1280 Numisidii
981 1223 1011 1296 f.
1033 1223 1172 1282 meddices
1195 1227 1305 1298 operati
1326 1233 1392 1282 cunt
1416 1233 1442 1282 et
1463 1227 1563 1281 ciuitas
1585 1222 1655 1280 Ma·

322 1329 446 1384 mertum
461 1325 595 1404 Apollini
609 1344 732 1397 samum,
755 1343 845 1402 qnam
861 1326 981 1402 quidem
1003 1325 1276 1402 interpretationem
1300 1327 1389 1384 etiam
1406 1325 1474 1384 aliis
1489 1325 1656 1384 rationibus

322 1428 492 1487 confirmari
510 1428 559 1487 hic
577 1446 637 1488 non
657 1441 732 1503 opus
754 1436 810 1498 est,
832 1435 865 1486 ut
885 1446 1034 1503 exponam
1055 1425 1104 1502 (0.
1119 1427 1154 1485 Z.
1169 1429 1198 1502 s.
1220 1429 1308 1504 aerql.
1326 1427 1395 1505 Spr.
1412 1427 1543 1497 XVIII,
1566 1427 1655 1502 257).

322 1529 378 1588 llle
401 1531 491 1607 igitur
513 1531 701 1590 accusativus
722 1530 907 1606 pronominis
921 1529 1147 1590 demonstrativi
1163 1552 1209 1586 εκο
1225 1531 1324 1607 ipsum
1338 1529 1415 1588 illud
1428 1537 1656 1588 monumentum

323 1623 510 1692 demonstrat
535 1631 718 1709 indicatque,
746 1632 776 1689 in
804 1649 864 1708 quo
891 1633 1020 1708 scriptus
1047 1639 1107 1704 est,
1134 1640 1222 1709 utque
1245 1655 1291 1689 εκο
1313 1633 1503 1692 manifestum
1528 1642 1576 1690 est
1601 1632 1656 1690 ob·

321 1734 429 1793 iactum
442 1735 577 1794 eiusdem
593 1734 805 1794 enuntiationis
820 1733 918 1794 Oscae
933 1731 1012 1806 e'sse,
1029 1735 1115 1794 cuius
1131 1735 1296 1794 subiectum
1312 1735 1351 1792 sit
1364 1740 1399 1792 Α.
1415 1741 1538 1795 Aureum
1553 1737 1655 1792 Οπιες.

322 1835 388 1895 Iam
409 1855 479 1894 rero
500 1838 578 1896 hanc
599 1837 834 1895 enuntiationem
856 1837 1008 1895 continere
1035 1838 1165 1913 aliquam
1192 1837 1350 1896 dedicandi
1372 1838 1450 1896 sacri
1472 1835 1519 1895 vel
1545 1855 1654 1895 monn—

322 1939 414 1998 menti
435 1939 594 1998 formulam
616 1941 661 1998 eis
684 1958 731 1996 me
752 1939 840 1997 facile
862 1938 1058 2014 probaturum
1074 1957 1173 2017 spero,
1195 1939 1247 2016 qui
1269 1958 1329 1998 non
1349 1941 1497 2018 ignorant,
1520 1938 1551 1996 iu
1573 1939 1656 1996 eius·

322 2040 404 2100 modi
431 2041 569 2100 formulis
595 2041 821 2118 inscriptionum
845 2039 1022 2100 Latinarum
1049 2041 1088 2118 etQ
1107 2039 1289 2101 Graecarum
1317 2041 1441 2101 verbum
1467 2059 1534 2100 cum
1562 2059 1655 2100 sensu

323 2142 423 2216 dandi,
446 2143 604 2204 dedicandi
626 2145 674 2202 vel
696 2143 892 2203 consecrandi
914 2144 1089 2219 saepissime
1111 2144 1256 2205 omissum
1279 2163 1357 2216 esse,
1379 2143 1423 2202 ita
1444 2152 1477 2201 ut
1498 2163 1537 2202 ex
1552 2144 1655 2202 animo

321 2245 485 2324 legentium
507 2247 706 2323 supplendum
729 2246 777 2306 sit.
814 2243 890 2305 Cam
912 2237 1084 2305 accusativo
1107 2246 1184 2324 sing.
1203 2254 1299 2304 neutr.
1322 2247 1507 2322 pronominis
1530 2245 1655 2304 demon·

323 2349 441 2408 strativi
463 2371 509 2406 εκο
532 2335 684 2407 ariissimo
707 2367 814 2408 sensus
831 2348 951 2408 vinculo
973 2350 1149 2408 coniunctus
1171 2357 1216 2407 est
1238 2349 1425 2408 accusativus
1447 2349 1580 2408 eiusdem
1603 2367 1655 2425 ge-

320 2452 402 2510 neris
424 2473 478 2508 πιω
500 2469 555 2530 pro
573 2451 692 2527 pio(m),
715 2452 818 2510 eadem
840 2451 980 2509 videlicet
1001 2451 1094 2528 stirpe
1117 2451 1261 2510 oriundus
1284 2461 1316 2510 ut
1337 2449 1405 2510 Lat.
1424 2456 1516 2529 piam,
1538 2448 1654 2510 Sabell.

317 2556 387 2628 pio,
418 2551 493 2612 Osk.
513 2555 632 2629 piilliot,
661 2552 766 2612 Umbr.
785 2555 890 2629 pilatu
910 2553 971 2611 alia
1000 2551 1051 2629 (0.
1073 2553 1150 2612 Krit.
1166 2554 1259 2611 Beitr.
1278 2573 1311 2630 p.
1329 2554 1390 2615 391
1405 2573 1447 2630 sq.
1485 2554 1610 2630 Auscpr.
1626 2553 1655 2626 I,

323 2654 391 2712 342.
428 2655 478 2726 ΙΙ,
500 2657 559 2714 ind.
582 2656 679 2715 vocab.
702 2656 745 2713 ed.
761 2655 808 2732 2).
853 2655 1007 2714 Habemus
1036 2656 1128 2734 igitur
1149 2655 1208 2713 duo
1233 2657 1341 2714 obiecti
1369 2675 1458 2715 casus
1479 2679 1532 2714 πιω
1548 2687 1590 2697 -—
1605 2677 1654 2712 εκο

321 2782 359 2806 =
380 2757 488 2833 pi0(m)
511 2791 552 2801 -
574 2757 681 2833 elco(m)
709 2747 910 2836 dependentes
937 2760 975 2816 ab
1001 2757 1104 2833 aliquo
1126 2758 1217 2816 verbo
1239 2757 1322 2818 Osco
1352 2759 1457 2829 dandi,
1484 2757 1655 2826 dedicandi,

320 2859 529 2933 consecrandi,
551 2860 630 2937 quod
653 2861 853 2937 supplendum
875 2860 1000 2919 videtur.
1045 2861 1094 2919 Ex
1116 2879 1152 2918 eo
1172 2861 1314 2938 colligere
1336 2878 1511 2938 possumus,
1534 2859 1652 2918 litteras

320 2985 378 3019 arr.
402 2961 480 3020 inter
501 2962 688 3022 accusativos
711 2985 765 3019 πιω
781 2972 811 3022 et
825 2985 872 3019 εκο
894 2962 1011 3040 positus
1033 2963 1183 3040 continere
1206 2963 1329 3039 stirpem
1347 2963 1427 3022 vocis
1443 2961 1552 3032 Oscae,
1575 2979 1654 3038 qnae

320 3073 350 3122 et
377 3064 446 3142 ipsa
471 3065 528 3123 boc
554 3066 622 3124 loco
644 3066 705 3123 uim
726 3065 892 3123 accusativi
912 3065 1032 3122 habeut.
1077 3063 1279 3140 Quamobrem
1301 3087 1360 3122 αισ.
1384 3073 1485 3123 notam
1507 3064 1655 3141 supplen-

319 3166 388 3225 dam
410 3167 552 3226 existimo
574 3166 667 3243 αισ(ο)
691 3168 895 3226 accusativum
918 3168 995 3243 sing.
1017 3175 1113 3225 neutr.
1137 3175 1350 3246 congruentem
1376 3184 1443 3252 cum
1465 3188 1518 3223 πιω
1541 3175 1572 3223 ct
1593 3187 1655 3233 sne,

319 3281 410 3344 atque
436 3269 525 3328 huius
554 3270 719 3328 accusativi
746 3288 868 3328 sensum
895 3269 1054 3329 enucleare
1081 3270 1177 3328 ausim
1206 3279 1381 3345 comparata
1402 3266 1555 3328 Sabellica
1580 3285 1654 3326 voce

319 3374 399 3430 cisoa
422 3370 612 3444 sacrificium,
633 3369 777 3431 Umbrica
800 3391 888 3430 esaon
910 3371 1099 3443 sacrificium,
1114 3370 1229 3430 Volsca
1250 3376 1423 3444 esuristrom,
1447 3369 1530 3430 Osca
1552 3374 1654 3429 Aiser-

318 3477 378 3531 aim
400 3473 502 3550 oppidi
525 3473 654 3546 nornine,
680 3474 811 3532 Etrusca
832 3493 918 3533 cesar
939 3474 1013 3532 deus
1041 3471 1096 3549 (C.
1124 3474 1292 3550 AassprJ,
1313 3473 1393 3545 375,
1416 3475 1459 3532 ed.
1475 3473 1528 3549 2),
1555 3473 1598 3531 ita
1620 3483 1656 3532 ut

319 3573 413 3651 αισ(ο)
437 3576 660 3634 substantivum
682 3577 712 3634 in
735 3563 823 3635 titulo
844 3576 994 3635 Dianensi
1015 3576 1163 3652 significet
1185 3595 1308 3635 accrum.

402 3676 451 3734 Ad
474 3676 599 3736 subiecti
621 3697 710 3737 casus
726 3683 762 3735 A.
778 3686 901 3739 Λαιτσνις
916 3683 1003 3735 Orare
1025 3687 1054 3737 et
1075 3677 1184 3736 obiecti
1205 3696 1294 3737 casus
1316 3701 1369 3735 πιω
1392 3676 1487 3753 «ιιι-(ο)
1513 3700 1559 3734 ruo
1583 3696 1655 3755 sup-

318 3778 459 3857 plendum
482 3787 529 3838 est
544 3779 657 3840 Oscum
676 3781 800 3840 verbum
823 3774 915 3848 δεδετ,
937 3781 1035 3839 deded.
1072 3780 1177 3866 ltaque
1200 3780 1364 3838 enuntiatio
1380 3779 1518 3839 Lucana:
1541 3785 1579 3837 Α.
1594 3785 1655 3836 Δα-

317 3903 395 3940 πονις
415 3877 543 3960 ΠακῘηις
559 3887 647 3943 Οπιες
668 3907 721 3938 πιω
744 3882 839 3959 αισ(ο)
855 3905 901 3940 erro
921 3875 1031 3958 (δεδετ)
1046 3881 1155 3941 Latine
1177 3883 1346 3941 enarranda
1367 3879 1428 3941 cst':
1450 3883 1544 3941 Aulus
1561 3881 1655 3940 Lam—

314 3987 423 4060 ponius
444 3982 544 4060 Paqai
559 3984 642 4060 filias
666 3985 779 4062 Oppias
798 3989 880 4062 pium
902 4005 1016 4044 sacrum
1037 3985 1090 4044 loc
1113 3985 1228 4062 (dedit).

399 4085 477 4144 Post
496 4087 572 4145 haec
594 4087 685 4145 verba
706 4088 737 4145 in
760 4106 907 4146 marmore
928 4086 1076 4145 Dianensi
1104 4087 1216 4163 scripta
1241 4088 1373 4164 incipere
1398 4088 1523 4146 alteram
1544 4087 1653 4146 inseri-

316 4187 430 4264 ptiouis
457 4189 707 4262 enuntiationem,
736 4190 799 4266 ipse
827 4189 956 4268 lapicida
983 4208 1017 4248 co
1042 4189 1192 4248 indicasse
1214 4190 1346 4261 uidetur,
1374 4190 1455 4267 quod
1483 4197 1554 4267 post
1582 4208 1656 4265 pro-

317 4309 426 4349 nomen
448 4314 494 4348 ruo
517 4293 615 4372 spatio
637 4292 809 4350 intermisso
832 4311 962 4368 sequens
979 4293 1157 4350 vocabulum
1180 4292 1243 4351 eins
1259 4311 1278 4350 a
1292 4293 1415 4351 sinistra
1435 4303 1519 4369 parte
1539 4291 1655 4368 lapidis

317 4393 449 4452 scribere
471 4401 501 4451 et
522 4394 686 4455 maioribus
707 4395 777 4452 inde
799 4394 908 4454 litteris
932 4395 975 4452 uti
998 4395 1106 4473 coepit.
1142 4395 1178 4453 ln
1200 4395 1256 4452 hac
1277 4395 1368 4472 igitur
1390 4395 1469 4453 tituli
1490 4401 1576 4471 parte
1591 4395 1656 4454 Σα-

316 4489 394 4573 λαῘς
419 4495 498 4554 idem
520 4504 568 4555 est
589 4516 696 4555 nomen
720 4496 801 4573 quod
823 4497 912 4556 etiam
934 4498 966 4555 in
989 4497 1077 4556 titulo
1099 4498 1262 4575 sepulcrali
1278 4495 1415 4556 Cumano
1436 4496 1558 4573 legitur:
1583 4495 1657 4556 Sta-

322 4600 372 4654 τίει
395 4595 482 4656 Silics
505 4598 613 4658 Salaria
636 4624 674 4648 =
698 4599 812 4658 Statius
840 4599 933 4658 Sitias
960 4597 1097 4670 Salvias,
1123 4600 1173 4658 ubi
1200 4599 1307 4658 Saloca
1335 4618 1375 4657 ex
1403 4597 1505 4670 Salve,
1533 4597 1656 4658 Saluiae

317 4710 415 4758 ortum
438 4718 505 4758 esse
528 4700 732 4759 demonstravi
753 4721 773 4758 c
794 4701 892 4760 vocali
914 4702 991 4761 inter
1014 4710 1173 4779 sequentes
1194 4708 1395 4760 consonantes
1417 4702 1597 4778 interposita
1621 4713 1659 4761 ut

316 4801 346 4860 in
369 4804 512 4878 arcpetud
526 4827 563 4852 =
580 4813 699 4878 arpento
722 4803 769 4880 (Z.
786 4807 814 4880 s.
830 4804 917 4880 verpl.
936 4802 1006 4880 Spr.
1024 4803 1065 4876 X,
1088 4804 1150 4862 325
1165 4823 1208 4880 sq.
1240 4803 1312 4877 XX,
1331 4805 1374 4864 97
1388 4823 1431 4880 sq.
1465 4804 1591 4881 Aasspr.
1606 4805 1657 4876 II,

318 4903 386 4975 388,
408 4905 450 4962 ed.
471 4904 514 4980 2).
557 4903 704 4964 Ultimam
730 4907 937 4982 inscriptionis
959 4923 1062 4964 vocem
1080 4900 1157 4985 fate
1187 4925 1246 4964 non
1274 4905 1441 4964 mutilatam
1463 4924 1532 4965 esse
1555 4906 1654 4966 fracto
1744 4971 1752 4978 ,

315 5003 416 5081 lapide
436 5007 483 5064 vel
498 5007 615 5066 detritis
629 5007 750 5079 litteris,
765 5021 809 5065 'eo
830 5009 1023 5085 intellegitur,
1045 5007 1126 5085 quod
1149 5017 1218 5085 post
1240 5008 1371 5067 litteram
1392 5008 1511 5068 finalem
1533 5011 1600 5068 eius
1624 5011 1657 5067 in

316 5114 442 5183 utroque
463 5110 638 5188 apographo
653 5108 799 5169 Mandelli
814 5127 940 5169 vacuum
955 5120 1081 5189 apparet
1102 5110 1191 5169 unius
1211 5111 1329 5170 litterae
1352 5111 1492 5189 spatium,
1513 5112 1566 5170 ubi
1588 5112 1656 5170 nul-

315 5209 377 5268 lum
401 5211 567 5288 scripturae
589 5213 798 5271 detrimentum
821 5221 951 5272 notatur.
996 5212 1072 5273 Cum
1093 5213 1184 5289 igitur
1201 5207 1280 5291 freis
1305 5239 1342 5264 =
1366 5214 1430 5272 sale
1450 5214 1570 5292 integra
1592 5233 1656 5273 vox
