3540 5828
412 549 756 602 couunnuamouus
774 548 1051 601 saranarurcav.
1070 547 1172 600 unns.
1383 525 1454 598 155

125 732 302 782 sentaneum
324 733 379 796 est,
402 723 432 780 in
444 722 571 782 Lucana
592 722 721 782 nominis
742 722 840 782 forma
856 727 982 783 Λαπονις
1002 740 1058 799 pro
1073 727 1216 789 Λαμπονις
1237 720 1364 778 debilem
1387 739 1457 780 con·

126 833 283 884 sonantem
305 845 333 884 m
354 833 405 884 aut
427 825 669 903 pronuntiatione
690 833 743 884 aut
768 825 932 903 scriptione
960 823 1103 884 omissam
1131 841 1199 882 esse
1228 832 1261 882 ut
1285 822 1316 880 in
1337 820 1456 882 Latinis

123 927 294 986 nominibus
315 927 433 1004 Topica,
461 928 564 1004 Topr'o,
586 927 712 1004 Popona',
735 925 862 1006 Seproni
883 927 950 987 aliis
971 943 1026 1005 pro
1052 925 1195 1002 Tampios,
1220 925 1353 1002 Tampt'o,
1374 923 1457 982 Pom-

125 1033 205 1104 poni,
236 1027 390 1106 Semproni
411 1029 459 1104 (C.
475 1032 600 1106 Aaaspr.
616 1031 645 1101 I,
665 1029 730 1088 263
745 1049 788 1107 sq.
811 1030 855 1088 cd.
870 1029 915 1107 2).
958 1027 1016 1087 Est
1036 1036 1135 1086 autem
1156 1032 1278 1088 Aurana
1299 1026 1457 1086 nominati·

124 1149 180 1189 vus
210 1131 286 1208 sing.
314 1131 447 1190 eiusdem
474 1132 592 1208 generis
619 1141 654 1191 ut
679 1131 781 1192 Oscae
807 1131 942 1208 linguae:
976 1130 1145 1200 Hetranan'a,
1172 1129 1319 1200 Niumsn'a,
1351 1127 1456 1200 Stantis,

130 1232 260 1298 Ultoois,
286 1233 366 1303 Asia,
387 1233 520 1304 Bisellis,
542 1233 645 1305 Vitbis,
667 1231 788 1307 Lankia,
804 1231 937 1304 Laoilcia,
958 1231 1092 1302 Kolonis,
1115 1230 1252 1304 Canidia,
1276 1231 1376 1303 Polat'a,
1397 1219 1457 1288 De·

123 1339 231 1410 quana
260 1333 309 1410 (0.
327 1336 407 1410 Z.s.
429 1337 517 1412 oerpl.
540 1335 610 1413 Spr.
634 1335 735 1408 V,89.
756 1335 821 1407 XI,
842 1334 903 1394 338
924 1353 968 1412 aq.
990 1335 1048 1394 401
1069 1352 1112 1411 aq.
1135 1332 1265 1406 XVIII,
1289 1332 1363 1392 251.
1386 1332 1456 1390 257.

123 1437 273 1510 XX‚111,
290 1437 371 1514 113).
415 1436 504 1512 Quod
527 1437 662 1514 sequitur
682 1457 790 1496 noman
812 1437 967 1515 proprium
989 1431 1117 1514 lloeufnm
1138 1444 1185 1493 ast
1206 1435 1356 1512 genitivus
1379 1419 1455 1510 sing.

124 1541 191 1614 pari
218 1539 355 1616 syllabae
382 1539 482 1598 finalis
508 1540 605 1598 forma
630 1549 719 1616 atque
745 1540 871 1599 eundem
892 1539 924 1598 in
945 1538 1067 1598 modum
1090 1537 1218 1616 scriptus
1242 1547 1276 1596 ut
1296 1539 1457 1607 Σταπιηις,

124 1635 292 1714 Νιυμσδιηις
313 1641 343 1700 iu
366 1641 453 1701 titulo
463 1642 708 1700 Mamertinorum
719 1641 900 1702 Messinensl
924 1641 1067 1717 (Momma.
1089 1639 1154 1699 Unt.
1170 1639 1253 1698 Diul.
1277 1649 1296 1697 t.
1316 1637 1393 1710 XII,
1415 1638 1458 1697 39

125 1763 160 1819 p.
174 1742 232 1802 193
253 1744 312 1820 sq.)
340 1751 369 1802 et
391 1746 519 1814 Κοπιηις
545 1743 578 1802 in,
597 1744 700 1822 tegula
713 1743 880 1803 vibonensi
903 1744 1089 1803 Bruttiorum
1115 1741 1150 1819 (1.
1166 1762 1189 1802 o.
1209 1761 1241 1819 p.
1256 1740 1326 1812 192,
1343 1761 1377 1818 p.
1392 1739 1455 1816 38).

127 1844 320 1924 comparatis
340 1846 430 1922 igitur
452 1846 697 1906 Mamertinorum
718 1845 888 1906 nominibus
912 1845 1019 1906 Oscis:
1048 1845 1146 1906 Στενις
1168 1847 1283 1904 Καλινις
1304 1843 1457 1912 {ronanus

126 1973 165 1998 ==
191 1947 305 2007 Statius
325 1946 456 2020 Cole'nins
472 1946 559 2008 Statii
576 1950 605 2022 s.
628 1958 670 2007 et:
694 1953 794 2030 Μαρας
815 1951 955 2016 Πομπτιις
976 1933 1140 2016 Neapolim
1163 1971 1201 1997 ==
1224 1946 1331 2004 Maras
1353 1945 1457 2021 Pomp·

124 2053 183 2109 tius
203 2049 365 2109 Numisidii
377 2052 407 2125 f.
435 2070 502 2110 cum
525 2050 696 2110 nominibus
718 2050 796 2110 tituli
818 2049 996 2110 Dianensis:
1023 2054 1058 2110 Α.
1080 2043 1367 2128 nursiamcasam,
1393 2047 1458 2124 pla·

125 2171 198 2210 num
224 2152 259 2211 fit
284 2147 414 2231 ssaafnnc
440 2171 508 2212 esse
537 2153 704 2231 genitivum
725 2152 801 2230 sing.
828 2151 1030 2231 praenominis
1056 2151 1133 2212 Osci
1157 2151 1358 2212 Lucanorum.
1401 2147 1459 2208 Est

123 2264 227 2312 autem
249 2254 382 2313 eiusdem
406 2254 509 2332 stirpis
524 2273 559 2314 ac
574 2255 768 2331 praenon'rina
782 2252 866 2314 Osca
879 2253 974 2312 Palen
996 2253 1141 2330 (Montana.
1162 2253 1228 2312 Unt.
1244 2252 1328 2312 Dial.
1346 2262 1364 2310 t.
1381 2251 1457 2323 XII,

119 2375 154 2432 p.
172 2355 247 2430 190)
269 2365 299 2414 et
320 2355 438 2414 Poaknl
460 2355 495 2432 (l.
517 2376 541 2416 o.
563 2366 584 2416 1.
602 2357 691 2430 VIII,
706 2357 755 2428 16,
773 2377 806 2434 p.
822 2357 890 2416 178.
906 2357 970 2416 241.
989 2355 1081 2432 281),
1109 2357 1251 2432 quoniam
1273 2356 1304 2413 in
1326 2347 1458 2431 Iloufms

123 2452 166 2535 ”I
195 2475 287 2516 sonus
317 2477 356 2516 ex
377 2458 448 2517 kin
468 2458 562 2518 Pati.
588 2469 672 2518 ortus
698 2468 746 2518 est
770 2467 804 2517 ut
824 2457 1000 2518 Latinorum
1023 2477 1062 2536 qu
1082 2458 1113 2516 in
1136 2457 1328 2535 Populares
1351 2472 1458 2514 conso·

120 2559 206 2618 nanti
226 2579 241 2618 a
261 2561 291 2617 in
311 2557 431 2620 Potine.
475 2559 581 2638 Itaque
601 2556 729 2640 Iloafnas
749 2560 898 2637 genitivus
920 2561 997 2636 sing.
1019 2578 1039 2618 a
1061 2561 1154 2638 stirpe
1174 2555 1274 2638 lloeafo
1291 2589 1304 2602 -
1323 2567 1458 2632 repeten-

124 2661 182 2719 dus
204 2669 265 2732 ast,
293 2669 326 2720 ιι1
347 2663 470 2738 genitivi
492 2664 569 2741 sing.
593 2661 666 2722 Osci
688 2663 914 2740 Palmpoia'anals,
937 2663 1067 2738 lalasreis,
1088 2665 1240 2733 misensis,
1262 2658 1457 2731 sakorakleis,

124 2766 209 2822 tarcis
241 2763 292 2822 alii
319 2782 338 2821 a
365 2765 511 2840 stirpibus
538 2765 696 2824 verborum
730 2765 761 2823 in
789 2784 808 2823 o
839 2764 972 2824 vocalem
1005 2763 1185 2823 exeuntibus
1217 2762 1345 2842 profecti
1378 2771 1457 2821 sunt.

123 2864 242 2924 Deinde
264 2870 372 2928 Οπιις
393 2867 424 2924 in
446 2866 532 2926 tinulo
554 2867 699 2926 Mandelli
721 2875 767 2926 est
787 2867 989 2926 nominativus
1011 2868 1087 2943 sing.
1110 2866 1141 2925 in
1162 2866 1287 2924 eandem
1309 2865 1458 2943 syllabam

122 2967 243 3026 finalem
266 2967 364 3028 flexus
392 2977 423 3027 ut
444 2969 566 3028 nomina
586 2969 711 3046 gentilia
732 2967 923 3030 Lucanorum
946 2970 1080 3044 Afariea,
1102 2969 1247 3040 Manates,
1270 2967 1366 3042 Soles,
1394 2968 1457 3026 Ma·

121 3071 319 3130 martinorum
340 3075 492 3139 Πομπτιες,
514 3069 737 3147 Campanorum
753 3071 850 3143 Sn'b'es,
872 3071 977 3130 Mt'm'as
1003 3069 1055 3146 (C.
1078 3071 1112 3129 Z.
1120 3072 1156 3164 J.
1171 3070 1259 3148 oerpl.
1276 3069 1344 3148 Spr.
1362 3070 1457 3144 XIII,

121 3171 191 3231 255.
206 3171 284 3243 XX,
297 3239 303 3266 Ι
317 3173 354 3232 10
375 3172 448 3249 sp),
484 3181 514 3232 et
536 3179 623 3235 Οπιες
649 3191 709 3233 non
732 3174 857 3233 multum
879 3173 980 3233 differt
1000 3192 1020 3231 a
1040 3173 1225 3232 nominativo
1251 3172 1456 3248 praenominis

121 3271 261 3352 Capuani
281 3274 385 3352 Uppiis
415 3274 588 3350 (Minervio.
611 3275 693 3334 Ball.
717 3276 796 3336 orob.
818 3274 898 3352 Nep.
920 3294 966 3334 nu.
988 3294 1029 3334 ar.
1058 3275 1091 3346 V,
1119 3286 1174 3334 too.
1203 3274 1289 3346 VIII,
1309 3275 1335 3347 1,
1354 3293 1388 3351 pa
1407 3273 1455 3334 99.

122 3377 205 3452 100).
239 3374 300 3436 Sed
322 3381 410 3438 Omne
431 3395 486 3435 suo
509 3377 576 3436 loco
597 3378 657 3436 vim
678 3377 769 3437 babet
789 3377 985 3456 cognominis,
1007 3378 1090 3454 quod
1111 3387 1181 3454 post
1202 3395 1384 3452 praenomen
1404 3396 1457 3455 pa·

122 3478 180 3536 tris
203 3479 334 3554 positam
356 3489 418 3549 est,
446 3485 478 3537 ut
498 3481 677 3556 cognomina
697 3479 802 3554 sutas,
829 3480 931 3552 Mutat,
962 3479 1088 3555 Tofida'ns
1110 3479 1141 3537 in
1162 3479 1258 3537 titulis
1282 3478 1387 3539 Oscis:
1417 3477 1456 3537 L.

123 3579 236 3638 Slobn'a's
257 3580 295 3638 L.
311 3580 417 3651 Auka'l,
441 3614 479 3624 —
506 3580 542 3640 G.
558 3580 711 3658 Paopil[s]
738 3581 901 3653 0111111,
927 3615 969 3624 -
994 3581 1049 3641 Gn.
1067 3579 1160 3641 Stetit
1182 3581 1244 3639 Mn.
1264 3581 1392 3656 Tafidt'na
1416 3613 1457 3623 —

121 3682 272 3757 (Monstras.
293 3681 356 3741 Una
371 3684 456 3741 Diul.
469 3702 500 3759 p.
519 3681 594 3756 240,
613 3684 642 3744 C.
658 3684 693 3742 Z.
708 3686 737 3759 f.
752 3686 840 3762 acrgl.
858 3683 927 3762 Spr.
945 3683 1041 3757 XIII,
1056 3681 1137 3758 253).
1181 3681 1264 3742 Nota
1277 3701 1297 3740 Α
1311 3682 1397 3742 initio
1411 3682 1456 3741 in-

121 3783 297 3860 scriptionis
319 3783 483 3843 Dianensis
510 3786 713 3862 praenominis
740 3796 800 3858 est,
829 3805 905 3862 quae
928 3786 1065 3864 quamvis
1096 3785 1128 3843 in
1153 3784 1222 3844 aliis
1248 3785 1343 3843 titulis
1366 3784 1456 3845 Oscis

121 3904 184 3946 non
210 3886 388 3963 reperiatur,
419 3896 518 3946 tamen
544 3887 664 3948 videtur
689 3908 750 3948 non
776 3889 897 3948 diversa
920 3887 1015 3948 fuisse
1039 3907 1059 3946 a
1078 3886 1189 3947 Latina
1213 3895 1285 3960 nota
1306 3887 1344 3946 A.
1367 3906 1453 3963 prae·

120 3989 256 4047 nominis
278 3987 358 4047 Anti.

206 4091 310 4167 ltaque
331 4089 567 4152 demonstratum
597 4093 722 4165 videtur,
755 4110 865 4151 nomen
896 4092 954 4168 viri
979 4091 1095 4151 Lucani
1128 4092 1226 4169 gantis
1253 4090 1454 4169 Lamponiae:

120 4197 157 4251 A.
179 4197 302 4251 Λιιπονιι
323 4189 454 4273 [lassare
476 4199 579 4261 Onne,
605 4193 712 4254 Latine
733 4193 915 4253 reddendum
938 4211 1019 4254 asse:
1043 4194 1137 4253 Aulus
1159 4193 1338 4271 Lamponius
1361 4193 1458 4270 Poqni

122 4295 201 4352 filins
225 4293 353 4372 Oppius,
379 4305 409 4355 et
434 4296 492 4355 hoc
513 4315 621 4355 nomen
642 4296 793 4356 continere
815 4297 980 4356 subiectum
1007 4297 1122 4373 primae
1143 4295 1357 4356 enuntiationis
1378 4296 1458 4356 tituli

121 4396 300 4457 Dianensis.

206 4498 281 4558 Inde
303 4499 455 4576 colligitur
475 4501 506 4559 in
528 4501 623 4560 tribus
646 4503 746 4562 verbis
769 4521 845 4580 quae
866 4511 1031 4578 sequuntur
1051 4523 1117 4569 nnn,
1138 4524 1197 4561 aar.
1213 4523 1259 4558 εκο
1282 4500 1383 4560 inesse
1404 4500 1455 4558 ob-

1 4675 2 4684 *
120 4602 232 4660 iactum
254 4601 388 4661 eiusdem
410 4603 633 4662 enuntiationis.
678 4602 795 4663 Horum
815 4604 953 4663 ultimum
976 4626 1022 4660 εκο
1044 4604 1075 4662 in
1101 4613 1242 4680 promptu
1270 4612 1316 4662 est
1336 4621 1455 4662 accusa·

1 4766 2 4771 .
122 4704 216 4761 tivum
242 4704 319 4780 sing.
341 4705 477 4778 eiusdem
503 4705 688 4783 pronominis
715 4705 790 4766 Osci
818 4723 900 4779 essa,
927 4706 1011 4765 cuius
1038 4705 1228 4764 accusativus
1257 4705 1335 4782 plur.
1358 4715 1455 4767 neutr.

1 4789 2 4792 Ἴ
122 4805 188 4876 eleo,
209 4805 359 4866 ablativus
382 4807 459 4886 sing.
475 4808 545 4868 fem.
561 4807 676 4881 eleba-d,
699 4807 796 4879 elta-lt,
817 4808 1020 4867 nominativus
1043 4809 1118 4884 sing.
1138 4807 1207 4867 lem.
1223 4807 1347 4879 εΙεα-ι-Ιε,
1369 4826 1456 4867 acau-

1 4915 2 4918 ’
121 4907 239 4966 sativos
261 4907 337 4984 plur.
360 4908 429 4968 lem.
452 4909 564 4983 eka-sa,
590 4909 738 4969 locativus
762 4910 839 4988 sing.
855 4927 946 4969 maso.
969 4909 1048 4968 elci-lc
1068 4910 1100 4968 in
1121 4910 1191 4970 aliis
1214 4910 1334 4987 linguae
1356 4909 1456 4971 Oscae
1494 4897 1499 4912 ’

120 5011 322 5070 monumentis
344 5011 532 5088 reperiuntur
553 5010 601 5087 (G.
622 5011 747 5089 Anaspr.
768 5010 795 5083 I,
814 5010 880 5071 380
898 5030 941 5088 sq.
964 5013 1008 5072 ed.
1025 5011 1055 5073 2.
1097 5011 1233 5085 Enderia,
1261 5014 1402 5071 Formenl.
1426 5013 1456 5071 d.

2 5122 10 5182 f.
126 5110 200 5170 Oak.
216 5109 288 5188 Spr.
306 5132 340 5190 p.
359 5113 409 5172 38.
457 5113 551 5173 Gloas.
572 5133 605 5191 p.
623 5113 685 5190 29).
729 5111 849 5184 Abiecit
876 5123 973 5174 autem
1003 5137 1049 5172 aaa
1076 5113 1207 5182 litteram
1228 5133 1255 5172 nt
1277 5115 1397 5174 finalem
1422 5125 1457 5174 ut

4 5262 7 5267 ,
44 5271 47 5276 ,
121 5213 291 5272 accusativi
306 5233 429 5289 nomano,
451 5234 530 5290 aera,
544 5216 664 5288 sanna,
687 5214 1194 5294 υόα,3ουι“1α,Ριἰιιιραι’ἱαιια,1111111
1209 5215 1338 5296 (Brnpp.
1354 5217 1455 5278 Loatl.

1 5327 2 5334 ¹
1187 5319 1250 5378 11*
