3540 5828
328 509 399 580 196
497 459 500 464 ἱ
671 525 673 532 ·
894 527 1078 582 conseer:

325 722 400 780 tium
434 741 501 782 cum
538 723 628 783 sibilo
654 724 917 802 pronuntiatarum
938 721 971 787 Μ
998 733 1027 782 et
1056 727 1089 804 ζ,
1127 740 1202 797 quas
1237 719 1350 782 Sabelli
1377 741 1416 781 ex
1449 721 1611 798 alphabeto
1646 741 1665 781 a

326 823 452 884 Graecis
481 833 603 904 accepto
629 826 814 884 retinuerunt
839 835 872 884 ut
898 826 1018 886 Etrusci
1044 832 1074 885 et
1094 820 1278 884 Umbrorum
1304 825 1514 902 antiquissimi„
1557 825 1664 884 Etiam

323 927 526 1005 interpunctio
559 928 718 987 verborum
750 928 853 988 eadem
887 936 932 988 est
963 928 996 987 in
1027 927 1074 986 his
1096 927 1192 987 titulis
1221 926 1379 989 Sabellicis
1413 927 1508 986 tribus
1540 927 1665 1003 punctis

323 1029 523 1106 interpositis,
557 1031 640 1089 cuius
671 1027 902 1108 interpungendi
934 1031 1027 1090 moris
1054 1029 1210 1089 rarissima
1235 1030 1427 1090 inveniuntur
1457 1029 1601 1105 exempla
1631 1030 1663 1088 in

324 1131 571 1208 inscriptionibus
594 1133 744 1205 Etruscis,
767 1116 866 1206 Oscis,
889 1132 1017 1193 Latinis.
1061 1132 1194 1191 Litterae
1222 1135 1243 1191 d
1262 1133 1377 1192 formae
1403 1133 1435 1193 in
1456 1135 1543 1194 titulo
1564 1135 1664 1195 Prae·

323 1234 439 1293 tutiano
461 1234 634 1294 simillimae
661 1243 732 1294 sunt
760 1233 887 1296 Graecis
913 1245 944 1294 et
970 1235 1150 1314 Messapicis
1180 1223 1314 1309 (Kiroltl.
1338 1234 1421 1295 Stud.
1449 1257 1473 1295 z.
1505 1235 1608 1298 ostes.
1632 1241 1661 1297 d.

331 1335 445 1395 Grieclr.
469 1336 560 1414 Alpi.
583 1348 603 1396 t.
625 1339 651 1396 I.
667 1337 711 1396 ΙΙ.
734 1339 777 1396 ed.
792 1339 822 1397 2.
866 1337 904 1396 L.
918 1338 1075 1415 Maqpr'ulli
1097 1357 1111 1396 a
1136 1336 1168 1396 0.
1192 1337 1435 1411 Castromediano,
1457 1338 1501 1398 Le
1515 1344 1665 1400 iscrizioni

323 1439 522 1515 Messapiam,
550 1450 606 1498 too.
632 1438 743 1516 laq),
776 1458 843 1499 cum
875 1441 992 1499 litterae
1023 1443 1044 1498 d
1068 1441 1099 1500 in
1124 1440 1224 1517 lapide
1250 1439 1288 1498 ad
1316 1438 1448 1518 (lepram
1475 1443 1662 1503 maritimam

323 1541 447 1602 invento
468 1542 572 1601 eadem
594 1543 636 1600 sit
655 1542 753 1600 forma
775 1551 865 1617 atque
886 1544 917 1602 in
940 1541 1022 1602 Osco
1044 1543 1215 1619 alphabeto.

405 1642 475 1702 Una
493 1653 591 1702 restat
612 1645 712 1702 littera
736 1639 803 1716 ῠῦ
826 1645 906 1723 cippi
920 1645 1108 1704 Praetutiani
1123 1644 1282 1722 quinquies
1298 1645 1410 1723 scripta
1424 1645 1455 1705 in
1470 1649 1660 1726 apographo,

325 1746 496 1822 quaemihi
519 1747 680 1822 plurimum
703 1747 879 1806 offensionis
901 1748 1011 1806 hebere
1033 1747 1159 1806 ridetur.
1213 1745 1353 1823 Namque
1375 1748 1463 1824 plane
1489 1750 1590 1809 aliena
1613 1760 1662 1811 est

322 1863 382 1905 non
404 1848 504 1908 solum
526 1867 544 1906 a
565 1848 790 1916 ueteristitulis
807 1848 975 1923 Sabellicie,
997 1869 1099 1908 verum
1122 1849 1211 1908 etiarn
1233 1850 1270 1908 ab
1291 1850 1537 1928 inscriptionibus
1553 1851 1659 1928 Oscis,

320 1948 484 2022 Umbricis,
505 1949 646 2025 Faliscis,
668 1951 812 2025 Etruscis,
839 1949 968 2022 Latinis,
997 1949 1124 2011 Graecis
1146 1952 1375 2028 antiquioribus,
1404 1971 1500 2030 neque
1523 1973 1659 2032 usquam

321 2071 369 2111 me
391 2053 533 2128 scriptam
560 2054 661 2130 legere
688 2052 809 2113 memini
836 2054 894 2112 nisi
921 2055 953 2112 in
975 2053 1191 2113 recentioribus
1213 2055 1414 2114 monumentis
1438 2053 1574 2129 Graecis,
1604 2059 1659 2118 nbi

324 2152 355 2223 U
379 2155 531 2232 significat
545 2155 677 2214 vocalem
694 2175 719 2214 o.
764 2155 849 2231 Quae
864 2156 977 2216 vocalis
998 2175 1065 2215 cum
1086 2157 1116 2215 in
1138 2156 1239 2234 lapide
1254 2156 1450 2216 Praetutiauo
1472 2158 1660 2236 significetur

323 2257 425 2315 littera
446 2257 491 2346 W,
520 2276 579 2317 non
601 2259 744 2318 credibile
772 2267 819 2317 est
844 2260 971 2317 eandem
1000 2258 1091 2318 etiam
1118 2259 1219 2317 littera
1242 2257 1273 2328 Β
1296 2259 1431 2318 indicari.
1474 2260 1563 2320 Etsi
1587 2265 1658 2342 quis

319 2361 413 2420 nihilo
441 2361 535 2420 setius
562 2361 639 2420 hanc
665 2361 763 2420 vocali
790 2361 981 2420 evindicare
1004 2360 1143 2432 auderet,
1179 2364 1337 2438 praeberet
1364 2362 1449 2421 nobis
1471 2364 1657 2424 vocabulum

319 2466 407 2524 edotio
432 2489 468 2514 =
492 2473 588 2536 cocco,
617 2462 699 2541 quod
724 2473 808 2523 esset
828 2464 954 2522 monstri
976 2463 1085 2536 instar,
1118 2463 1300 2522 insecundo
1323 2464 1571 2523 versutitulide
1595 2484 1659 2542 quo

320 2566 420 2644 egitur
443 2567 596 2642 scriptum.
639 2565 706 2624 Hoc
728 2575 826 2625 autem
849 2567 966 2642 signum
991 2565 1062 2641 Ι][]
1093 2585 1162 2623 cum
1196 2565 1338 2624 facillime
1370 2565 1441 2623 oriri
1477 2576 1580 2642 posset
1620 2589 1659 2629 ex

319 2668 428 2726 litteris
452 2667 484 2734 Ε
511 2674 541 2724 et
570 2665 606 2752 Β
643 2666 759 2740 detritis
790 2676 842 2727 aut
863 2667 983 2727 omissis
1010 2667 1189 2745 quibusdam
1217 2668 1320 2740 lineis,
1353 2686 1392 2725 ex
1421 2667 1450 2737 Ε
1477 2669 1580 2728 addita
1603 2691 1660 2748 per

319 2791 451 2832 errorem
479 2772 607 2843 lineola,
639 2791 679 2832 ex
715 2771 745 2846 Q
778 2770 934 2829 immutata
966 2769 1100 2845 paullum
1131 2771 1279 2846 positione
1312 2770 1386 2842 eius,
1423 2770 1560 2847 equidem
1595 2769 1659 2832 non

320 2874 423 2944 video,
450 2873 501 2949 qui
530 2875 616 2951 signo
642 2883 703 2932 tarn
736 2856 906 2950 suspicidso
934 2871 966 2930 in
988 2872 1162 2949 apographo
1183 2880 1297 2931 tantum
1325 2873 1402 2932 tituli
1429 2874 1543 2950 scripto
1564 2875 1659 2935 fidem

319 2976 429 3035 habere
454 2975 579 3053 possim.
623 2975 763 3051 Denique
795 2975 827 3032 in
852 2974 911 3032 fine
938 2975 1104 3051 apographi
1135 2975 1223 3034 iuxta
1248 2973 1378 3034 litteram
1407 2979 1435 3056 ξ
1471 2977 1660 3039 lineamenta

320 3081 465 3156 quaedam
488 3079 601 3156 scripta
622 3087 701 3152 sunt,
725 3096 801 3154 quae
823 3076 954 3134 indicare
976 3076 1122 3148 videntur,
1144 3076 1273 3153 lapidem
1295 3077 1353 3136 hoc
1375 3078 1443 3137 loco
1464 3078 1580 3138 laesum
1605 3093 1660 3141 aut

320 3182 461 3240 detritum
484 3198 561 3239 esse.
606 3177 692 3254 Quae
722 3197 787 3238 curn
814 3180 857 3237 ita
884 3179 960 3248 sint,
989 3178 1047 3235 hae
1069 3178 1274 3237 tautummodo
1302 3175 1419 3239 litterae
1445 3181 1659 3258 inscriptionis

319 3284 534 3343 Praetutianae
556 3283 630 3341 mihi
652 3281 790 3340 videntur
809 3281 870 3357 legi
891 3297 997 3358 posset

778 3481 888 3578 petr.
911 3467 915 3568 Ι
937 3471 947 3541 Ξ
971 3472 1087 3587 papas

777 3607 1146 3713 reisdlrilisudi

778 3749 836 3850 pis
856 3766 865 3810 2
884 3747 929 3852 el
954 3750 1083 3848 aelf(l)
1104 3753 1114 3823 Ξ
1133 3775 1174 3824 re
1271 3763 1272 3769 ’

583 3935 585 3942 ·
682 3963 685 3970 ,
779 3887 1165 4008 i(l)eildareipep

781 4028 880 4132 le..

402 4298 544 4360 Lectione
566 4301 656 4358 huius
678 4297 757 4356 tituli
780 4306 841 4358 tam
855 4297 970 4356 incerta
983 4315 1018 4356 ac
1033 4297 1134 4370 dubie,
1155 4316 1194 4357 ex
1215 4314 1251 4357 eo
1267 4315 1356 4375 aegre
1370 4299 1517 4376 quaedam
1531 4303 1661 4382 linguae

319 4401 486 4465 Sabellicae
513 4402 641 4478 vestigia
667 4401 809 4478 cognosci
837 4409 975 4477 possunt.
1024 4399 1115 4458 Initio
1147 4401 1211 4460 eius
1238 4401 1351 4477 scripta
1376 4403 1516 4462 videntur
1544 4425 1659 4469 nomen

317 4505 439 4582 gentile,
466 4505 672 4583 praenominis
695 4512 781 4575 nota,
809 4521 982 4581 cognomen.
1026 4502 1105 4563 Nam
1131 4502 1248 4561 litteras
1274 4502 1350 4562 Petr.
1378 4506 1562 4582 supplendas
1584 4530 1658 4572 esse

318 4607 492 4684 Patr(dnie),
532 4607 709 4666 coniecerim
745 4625 784 4664 ex
812 4605 935 4664 Falisco
976 4606 1095 4664 nomine
1130 4605 1282 4676 Petraeites,
1323 4603 1468 4667 Umbrico
1501 4609 1659 4687 Petrunio,

318 4711 448 4769 Etrusco
482 4710 631 4781 Petranic,
663 4708 772 4766 Latino
798 4708 952 4766 Petronius
984 4706 1126 4783 (Fabrett.
1162 4706 1256 4766 Gloss.
1283 4707 1321 4766 It.
1345 4729 1378 4784 p.
1409 4711 1516 4787 1379);
1550 4691 1660 4792 Pupoa'

318 4821 416 4872 autem
439 4813 577 4890 congruit
609 4831 674 4870 curn
698 4810 825 4869 Etrusco
847 4811 1024 4886 cognomine
1039 4804 1149 4886 Papini,
1183 4793 1292 4869 laatiuo
1315 4811 1414 4889 Papus
1436 4823 1554 4874 etcum
1570 4816 1658 4880 Osco

318 4917 465 4974 vocabulo
482 4933 612 4993 puppes,
635 4912 714 4989 quod
737 4912 768 4969 in
788 4911 900 4971 fabulis
923 4912 1074 4971 Atellanis
1096 4930 1197 4971 senem
1221 4913 1419 4991 significabat,
1446 4935 1511 4976 cum
1531 4917 1658 4983 Latinis

313 5035 398 5095 popa
424 5034 559 5093 pappus,
588 5015 714 5076 Graecis
742 5005 875 5082 πάπποις,
901 5009 1019 5076 πάππος
1042 5014 1146 5091 (Febr.
1174 5016 1192 5072 l.
1216 5034 1239 5073 c.
1264 5033 1298 5090 p.
1325 5015 1403 5074 1323
1428 5018 1497 5096 aq).
1544 5022 1657 5101 Itaque

315 5120 447 5178 litteram
468 5120 547 5178 inter
568 5115 729 5193 Paeone)
752 5125 780 5174 et
801 5113 923 5193 Poppus'
945 5119 1076 5194 positam
1104 5126 1192 5194 atque
1218 5118 1456 5193 interpunctione
1478 5121 1657 5187 distinctam

316 5220 479 5281 verisimile
502 5231 548 5282 est
569 5229 669 5281 notam
691 5219 894 5296 praenominis
915 5221 1011 5297 patris
1034 5220 1202 5281 esseillius
1223 5218 1356 5279 Petronii
1376 5220 1520 5283 Picentis.
1564 5225 1655 5290 Haec
