3428 5828
783 486 1000 538 AVCTARIVM
1018 485 1147 536 ADDIT.
1167 485 1251 537 VOL.
1267 485 1314 536 111
1585 488 1674 538 lost-lt

848 825 1250 924 AVOTARIVM.

911 1018 1185 1094 AEGYPTVS.

761 1135 1054 1257 inexauunaa
1076 1199 1182 1276 (supra
1203 1218 1231 1276 p.
1248 1199 1335 1275 aar).

384 1359 470 1419 toas
492 1360 529 1416 ad
551 1379 580 1417 n.
597 1357 687 1417 6023.
732 1358 880 1433 Ectypum
904 1358 1061 1416 marmoris
1083 1358 1195 1415 serrati
1221 1357 1299 1433 apud
1323 1357 1482 1416 dominum
1503 1356 1550 1415 del
1567 1355 1659 1414 Vallele

429 1463 489 1520 Paz
513 1471 661 1521 monstrat
682 1461 838 1540 legendum
862 1477 929 1518 esse
953 1464 983 1516 in
1006 1459 1143 1518 finesic:

795 1611 986 1656 sarvnuruvs
1010 1627 1016 1640 ·
1039 1613 1122 1682 auci
1142 1626 1149 1640 ·
1172 1599 1305 1656 smnus!

792 1715 849 1757 ιεο
869 1716 927 1758 xxu
940 1731 946 1744 ·
959 1718 978 1758 r
993 1714 1078 1757 servi
1096 1701 1152 1758 ΙΙΙ
1166 1715 1214 1757 var

385 1842 463 1900 Puto
485 1841 577 1899 fuisse
601 1857 619 1896 τ
634 1871 640 1883 ·
654 1855 768 1897 ssnvut
783 1869 789 1881 ·
802 1855 878 1896 nvn.

385 2033 476 2092 1022
497 2059 531 2082 =
550 2033 616 2090 add.
640 2055 669 2092 n.
687 2033 756 2091 330.
800 2033 894 2090 Recte
909 2033 1018 2090 editam
1035 2050 1100 2090 esse
1116 2040 1255 2107 ectypum
1270 2032 1414 2100 ostendit,
1437 2032 1496 2090 nisi
1511 2031 1583 2108 quod
1594 2035 1660 2106 puna

429 2137 514 2193 nulla
535 2136 643 2194 adsunt
667 2140 696 2192 in
720 2135 883 2211 archetypo
906 2135 1122 2210 verborumque
1144 2135 1252 2192 divisio
1274 2144 1338 2192 tota
1359 2134 1523 2192 arbitraria
1543 2143 1587 2191 est.

386 2329 478 2388 1023
496 2356 532 2379 =
551 2329 618 2386 add.
643 2348 670 2385 n.
688 2329 757 2387 336.
801 2328 850 2386 Ex
873 2335 980 2406 ectypo
1002 2329 1118 2406 corrige
1140 2329 1158 2386 4
1182 2344 1237 2386 nso
1250 2358 1256 2370 ·
1269 2335 1364 2385 ῙΓι-ι·
1380 2343 1465 2385 [aaut
1479 2360 1485 2372 ·
1499 2343 1585 2387 τιιιοιι

387 2521 480 2580 1024
496 2548 532 2571 =
551 2521 618 2579 add.
642 2541 670 2578 n.
688 2521 756 2579 337.
802 2522 940 2599 Eotypon
962 2522 1042 2597 quod
1065 2522 1124 2579 vidi
1147 2521 1303 2586 confirmat
1325 2520 1487 2579 lectionem
1506 2520 1622 2590 Natural,
1635 2518 1670 2576 lle

431 2625 518 2682 nierii
540 2633 638 2682 autem
661 2625 862 2683 coniecturam
885 2624 957 2699 (ven
979 2644 1033 2700 pro
1055 2624 1122 2700 vua)
1145 2624 1263 2682 refutat.

389 2815 477 2874 1025
496 2842 532 2867 =
550 2817 618 2874 add.
640 2837 669 2874 n.
686 2790 756 2875 339.
800 2817 918 2894 Ectypo
942 2827 1064 2894 accepto
1087 2819 1131 2875 sic
1153 2816 1279 2874 emenda
1300 2816 1423 2875 titulum
1446 2820 1588 2895 scriptum
1604 2814 1674 2874 littrrl

431 2918 569 2977 maximis
592 2919 867 2997 pulcherrimisque.
1279 2985 1295 3030 Ω

653 3072 669 3112 L
711 3038 1360 3172 ·PVBL1L1VSQoiotor

752 3174 996 3219 cousvtvru
1019 3191 1025 3204 ·
1050 3165 1335 3288 rnasrofflnq
1357 3179 1387 3214 ae

751 3278 780 3319 rr
808 3292 815 3304 ·
846 3277 986 3320 cassans
1015 3293 1021 3306 ·
1050 3279 1141 3321 rausa
1164 3293 1170 3307 ·
1194 3275 1370 3320 srarcrum

919 3351 1270 3424 rurtatsxauuaavs·

614 3485 625 3523 ι
668 3482 801 3527 aornos
822 3481 1002 3527 nornanroz
1021 3484 1141 3527 nassau
1162 3481 1323 3528 orlarori
1353 3453 1432 3524 ᾰτων

607 3541 720 3568 ‘f
799 3577 808 3589 s

656 3597 824 3657 στρατηγων

388 3766 480 3825 1026
508 3768 545 3824 ab
573 3767 668 3825 altera
694 3779 779 3844 parte
806 3768 915 3846 legitur
942 3769 1046 3827 titulus
1074 3767 1210 3829 Graecus
1236 3772 1389 3832 dedicatus
1420 3775 1480 3833 sub
1509 3775 1580 3852 imp.
1605 3769 1674 3833 Flavi

430 3870 541 3927 rhetori
569 3870 657 3927 Aelio
685 3870 847 3929 Demetrio
897 3871 1106 3930 Alexandreae
1137 3876 1249 3933 trouoe'e
1279 3877 1353 3933 daos
1385 3877 1416 3932 lo
1439 3879 1589 3952 propriete'
1614 3871 1674 3934 del

431 3973 507 4029 Adib
530 3971 583 4046 (du
605 3973 734 4030 consulat
754 3973 971 4049 d'Aaqleterre)
996 3984 1072 4032 entre
1094 3975 1124 4032 la
1148 3976 1225 4034 Cour
1246 3977 1441 4053 Britannique
1465 3989 1491 4036 et
1513 3980 1544 4035 la
1566 3999 1613 4037 rue
1631 3977 1674 4036 del

431 4073 551 4145 Bourse,
574 4076 675 4133 decant
699 4075 822 4133 l’ouciea
844 4079 913 4151 quai
935 4079 983 4133 dea
1006 4087 1162 4152 apostotos.
1207 4078 1316 4138 Adhuc
1339 4081 1421 4155 apud
1445 4083 1584 4141 eundem.

787 4230 914 4271 dothVNl
931 4245 937 4257 ·
954 4229 1043 4272 ORBlS
1060 4246 1066 4258 ·
1082 4231 1247 4273 TERRArum
1261 4259 1283 4273 ..
1294 4261 1318 4275 ..

788 4332 887 4374 ιοιινε
903 4347 909 4360 ·
927 4309 1087 4374 ιιετιιτιε
1108 4334 1247 4386 -Ανρμχ,

789 4447 805 4476 c.
824 4434 1318 4478 nva·vat·1>10cLsT1aruum....

784 4537 930 4588 parurn
959 4552 965 4564 ·
993 4537 1317 4581 avovsroavm....

735 4643 745 4678 a
789 4625 889 4681 lava
927 4654 934 4667 ·
968 4638 1118 4681 SARAP10N
1156 4654 1163 4666 ·
1201 4640 1317 4683 vn....
1366 4647 1371 4662 ·

986 4743 1006 4782 n
1036 4743 1056 4783 n
1088 4744 1112 4783 u
1145 4743 1216 4798 (μ

390 4859 540 4936 Ectypum
563 4861 643 4918 dedit
666 4859 824 4922 Coluccius
847 4862 1014 4937 praefectus
1037 4865 1167 4923 instituti
1188 4866 1377 4942 Aegyptiaci.

434 4961 560 5021 Videtur
582 4963 735 5022 dedicatus
758 4974 828 5041 post
848 4966 1004 5040 imperium
1027 4967 1205 5038 abdicatum,
1228 4985 1411 5043 quamquam
1433 4969 1484 5027 vel
1508 4970 1552 5029 sic
1574 4972 1673 5047 Augus

392 5083 456 5122 rum
484 5073 568 5141 pater
590 5066 798 5126 Diocletianus
822 5068 919 5127 minus
946 5069 1067 5144 proprie
1096 5071 1217 5142 dicitur,
1245 5080 1330 5146 pater
1358 5072 1477 5130 scilieet
1499 5093 1538 5131 ex
1565 5071 1674 5150 adoptio

392 5167 521 5242 Augusti
538 5166 709 5228 Constantii
726 5168 839 5244 Chlori,
863 5189 937 5230 avus
954 5169 1058 5231 Severi
1082 5171 1126 5247 (ni
1148 5171 1250 5248 fallor)
1275 5180 1303 5230 et
1323 5169 1520 5232 Constantini
1543 5173 1674 5250 langue

392 5287 467 5325 rum.
