<?xml version="1.0" encoding="UTF-8"?>
<!DOCTYPE html PUBLIC "-//W3C//DTD XHTML 1.0 Transitional//EN"
    "http://www.w3.org/TR/xhtml1/DTD/xhtml1-transitional.dtd">
<html xmlns="http://www.w3.org/1999/xhtml" xml:lang="en" lang="en">
 <head>
  <title>
</title>
<meta http-equiv="Content-Type" content="text/html;charset=utf-8" />
  <meta name='ocr-system' content='tesseract 3.04.00' />
  <meta name='ocr-capabilities' content='ocr_page ocr_carea ocr_par ocr_line ocrx_word'/>
</head>
<body>
  <div class='ocr_page' id='page_1' title='image "./ephemerisepigra00henzgoog_0277.png"; bbox 0 0 3466 5820; ppageno 0'>
   <div class='ocr_carea' id='block_1_1' title="bbox 258 485 1287 558">
    <p class='ocr_par' dir='ltr' id='par_1_1' title="bbox 258 485 1287 558">
     <span class='ocr_line' id='line_1_1' title="bbox 258 485 1287 558; baseline 0 -2"><span class='ocrx_word' id='word_1_1' title='bbox 258 485 333 556; x_wconf 78' lang='lat'><strong>264</strong></span> <span class='ocrx_word' id='word_1_2' title='bbox 554 503 862 558; x_wconf 76' lang='lat' dir='ltr'><strong>onsnevanroans</strong></span> <span class='ocrx_word' id='word_1_3' title='bbox 888 503 1164 558; x_wconf 74' lang='lat' dir='ltr'><strong>amorarnrcan</strong></span> <span class='ocrx_word' id='word_1_4' title='bbox 1181 504 1287 558; x_wconf 66' lang='lat' dir='ltr'><strong>xvnr„</strong></span> 
     </span>
    </p>
   </div>
   <div class='ocr_carea' id='block_1_2' title="bbox 255 1134 1588 1198">
    <p class='ocr_par' dir='ltr' id='par_1_2' title="bbox 255 1134 1588 1198">
     <span class='ocr_line' id='line_1_2' title="bbox 255 1134 1588 1198; baseline 0.001 -1"><span class='ocrx_word' id='word_1_5' title='bbox 255 1136 372 1198; x_wconf 86' lang='lat' dir='ltr'><strong>XVIII.</strong></span> <span class='ocrx_word' id='word_1_6' title='bbox 398 1134 637 1198; x_wconf 76' lang='lat' dir='ltr'><strong>DEDIOA&#39;I&#39;IO</strong></span> <span class='ocrx_word' id='word_1_7' title='bbox 664 1135 808 1198; x_wconf 83' lang='lat' dir='ltr'>FACTA</span> <span class='ocrx_word' id='word_1_8' title='bbox 835 1135 890 1196; x_wconf 93' lang='lat' dir='ltr'><strong>OB</strong></span> <span class='ocrx_word' id='word_1_9' title='bbox 919 1134 1161 1198; x_wconf 80' lang='lat' dir='ltr'><strong>VICTORIAM</strong></span> <span class='ocrx_word' id='word_1_10' title='bbox 1187 1136 1245 1196; x_wconf 79' lang='lat' dir='ltr'><strong>DE</strong></span> <span class='ocrx_word' id='word_1_11' title='bbox 1267 1134 1588 1198; x_wconf 73' lang='lat' dir='ltr'><strong>TAGIIARINATE.</strong></span> 
     </span>
    </p>
   </div>
   <div class='ocr_carea' id='block_1_3' title="bbox 256 1375 1590 1522">
    <p class='ocr_par' dir='ltr' id='par_1_3' title="bbox 256 1375 1590 1522">
     <span class='ocr_line' id='line_1_3' title="bbox 256 1375 1590 1522; baseline -0.002 -16"><span class='ocrx_word' id='word_1_12' title='bbox 256 1375 388 1506; x_wconf 82' lang='lat' dir='ltr'><strong>Misit</strong></span> <span class='ocrx_word' id='word_1_13' title='bbox 425 1445 498 1504; x_wconf 89' lang='lat' dir='ltr'><strong>mihi</strong></span> <span class='ocrx_word' id='word_1_14' title='bbox 529 1464 568 1504; x_wconf 84' lang='lat' dir='ltr'><strong>ex</strong></span> <span class='ocrx_word' id='word_1_15' title='bbox 596 1445 728 1522; x_wconf 89' lang='lat' dir='ltr'><strong>Trapani</strong></span> <span class='ocrx_word' id='word_1_16' title='bbox 769 1445 880 1522; x_wconf 82' lang='lat' dir='ltr'><strong>oppido</strong></span> <span class='ocrx_word' id='word_1_17' title='bbox 908 1443 1028 1505; x_wconf 73' lang='lat' dir='ltr'><strong>Siciliae</strong></span> <span class='ocrx_word' id='word_1_18' title='bbox 1064 1462 1163 1504; x_wconf 87' lang='lat' dir='ltr'><strong>comes</strong></span> <span class='ocrx_word' id='word_1_19' title='bbox 1194 1443 1375 1506; x_wconf 71' lang='lat' dir='ltr'><strong>Francimaa</strong></span> <span class='ocrx_word' id='word_1_20' title='bbox 1403 1445 1590 1504; x_wconf 85' lang='lat' dir='ltr'><strong>Heruandez</strong></span> 
     </span>
    </p>
   </div>
   <div class='ocr_carea' id='block_1_4' title="bbox 255 1553 1590 1838">
    <p class='ocr_par' dir='ltr' id='par_1_4' title="bbox 255 1553 1590 1838">
     <span class='ocr_line' id='line_1_4' title="bbox 256 1553 1588 1632; baseline 0.001 -19"><span class='ocrx_word' id='word_1_21' title='bbox 256 1556 293 1614; x_wconf 91' lang='lat' dir='ltr'><strong>de</strong></span> <span class='ocrx_word' id='word_1_22' title='bbox 322 1554 450 1615; x_wconf 88' lang='lat' dir='ltr'><strong>Carrera</strong></span> <span class='ocrx_word' id='word_1_23' title='bbox 480 1554 599 1614; x_wconf 89' lang='lat' dir='ltr'><strong>titulum</strong></span> <span class='ocrx_word' id='word_1_24' title='bbox 635 1556 686 1632; x_wconf 89' lang='lat' dir='ltr'><strong>qui</strong></span> <span class='ocrx_word' id='word_1_25' title='bbox 719 1554 854 1631; x_wconf 82' lang='lat' dir='ltr'><strong>seqnitur</strong></span> <span class='ocrx_word' id='word_1_26' title='bbox 889 1555 944 1612; x_wconf 86' lang='lat' dir='ltr'><strong>sub</strong></span> <span class='ocrx_word' id='word_1_27' title='bbox 976 1555 1005 1612; x_wconf 82' lang='lat' dir='ltr'><strong><em>A</em></strong></span> <span class='ocrx_word' id='word_1_28' title='bbox 1035 1563 1183 1631; x_wconf 89' lang='lat' dir='ltr'><strong>repertum</strong></span> <span class='ocrx_word' id='word_1_29' title='bbox 1220 1554 1259 1612; x_wconf 94' lang='lat' dir='ltr'><strong>ad</strong></span> <span class='ocrx_word' id='word_1_30' title='bbox 1290 1553 1418 1631; x_wconf 81' lang='lat' dir='ltr'><strong>Erycem</strong></span> <span class='ocrx_word' id='word_1_31' title='bbox 1454 1565 1588 1614; x_wconf 88' lang='lat' dir='ltr'><strong>montem</strong></span> 
     </span>
     <span class='ocr_line' id='line_1_5' title="bbox 255 1656 1590 1736; baseline 0.001 -20"><span class='ocrx_word' id='word_1_32' title='bbox 255 1657 507 1736; x_wconf 83' lang='lat' dir='ltr'><strong>adservatumque</strong></span> <span class='ocrx_word' id='word_1_33' title='bbox 542 1657 630 1716; x_wconf 87' lang='lat' dir='ltr'><strong>bodie</strong></span> <span class='ocrx_word' id='word_1_34' title='bbox 662 1658 742 1716; x_wconf 89' lang='lat' dir='ltr'><strong>domi</strong></span> <span class='ocrx_word' id='word_1_35' title='bbox 778 1673 851 1715; x_wconf 88' lang='lat' dir='ltr'><strong>suae</strong></span> <span class='ocrx_word' id='word_1_36' title='bbox 887 1666 916 1714; x_wconf 90' lang='lat' dir='ltr'><strong>et</strong></span> <span class='ocrx_word' id='word_1_37' title='bbox 953 1675 971 1714; x_wconf 81' lang='lat' dir='ltr'><strong>a</strong></span> <span class='ocrx_word' id='word_1_38' title='bbox 1006 1675 1038 1716; x_wconf 83' lang='lat' dir='ltr'><strong>ae</strong></span> <span class='ocrx_word' id='word_1_39' title='bbox 1074 1657 1190 1716; x_wconf 80' lang='lat' dir='ltr'><strong>curiose</strong></span> <span class='ocrx_word' id='word_1_40' title='bbox 1226 1656 1421 1732; x_wconf 69' lang='lat' dir='ltr'><strong>descriptum</strong></span> <span class='ocrx_word' id='word_1_41' title='bbox 1459 1658 1590 1717; x_wconf 88' lang='lat' dir='ltr'><strong>eundem</strong></span> 
     </span>
     <span class='ocr_line' id='line_1_6' title="bbox 257 1757 1588 1838; baseline 0 -18"><span class='ocrx_word' id='word_1_42' title='bbox 257 1762 437 1838; x_wconf 84' lang='lat' dir='ltr'><strong>descriptum</strong></span> <span class='ocrx_word' id='word_1_43' title='bbox 471 1758 552 1818; x_wconf 81' lang='lat' dir='ltr'><strong>dedit</strong></span> <span class='ocrx_word' id='word_1_44' title='bbox 584 1759 734 1819; x_wconf 86' lang='lat' dir='ltr'><strong>Bardtius.</strong></span> <span class='ocrx_word' id='word_1_45' title='bbox 777 1757 909 1819; x_wconf 76' lang='lat' dir='ltr'><strong>Litterae</strong></span> <span class='ocrx_word' id='word_1_46' title='bbox 946 1759 1112 1818; x_wconf 78' lang='lat' dir='ltr'><strong>carminum</strong></span> <span class='ocrx_word' id='word_1_47' title='bbox 1144 1759 1276 1818; x_wconf 85' lang='lat' dir='ltr'><strong>minutae</strong></span> <span class='ocrx_word' id='word_1_48' title='bbox 1309 1766 1379 1819; x_wconf 82' lang='lat' dir='ltr'><strong>sunt</strong></span> <span class='ocrx_word' id='word_1_49' title='bbox 1410 1767 1441 1818; x_wconf 89' lang='lat' dir='ltr'><strong>ct</strong></span> <span class='ocrx_word' id='word_1_50' title='bbox 1461 1779 1588 1837; x_wconf 84' lang='lat' dir='ltr'><strong>pravae.</strong></span> 
     </span>
    </p>
   </div>
   <div class='ocr_carea' id='block_1_5' title="bbox 904 2049 942 2108">
    <p class='ocr_par' dir='ltr' id='par_1_5' title="bbox 904 2049 942 2108">
     <span class='ocr_line' id='line_1_7' title="bbox 904 2049 942 2108; baseline -0.026 0"><span class='ocrx_word' id='word_1_51' title='bbox 904 2049 942 2108; x_wconf 81' lang='lat' dir='ltr'><strong>A.</strong></span> 
     </span>
    </p>
   </div>
   <div class='ocr_carea' id='block_1_6' title="bbox 536 2253 1067 2490">
    <p class='ocr_par' dir='ltr' id='par_1_6' title="bbox 536 2253 1067 2490">
     <span class='ocr_line' id='line_1_8' title="bbox 537 2253 1067 2362; baseline 0 -15"><span class='ocrx_word' id='word_1_52' title='bbox 537 2269 796 2348; x_wconf 65' lang='lat' dir='ltr'><strong>suavia</strong></span> <span class='ocrx_word' id='word_1_53' title='bbox 856 2253 1067 2362; x_wconf 38' lang='grc' dir='ltr'><strong>,Ὗ</strong></span> 
     </span>
     <span class='ocr_line' id='line_1_9' title="bbox 536 2410 908 2490; baseline 0.013 -5"><span class='ocrx_word' id='word_1_54' title='bbox 536 2410 574 2486; x_wconf 75' lang='lat' dir='ltr'><strong>u</strong></span> <span class='ocrx_word' id='word_1_55' title='bbox 593 2410 908 2490; x_wconf 58' lang='lat' dir='ltr'><strong>mavemur·</strong></span> 
     </span>
    </p>
   </div>
   <div class='ocr_carea' id='block_1_7' title="bbox 520 2569 1230 2859">
    <p class='ocr_par' dir='ltr' id='par_1_7' title="bbox 520 2569 1230 2859">
     <span class='ocr_line' id='line_1_10' title="bbox 527 2569 1220 2618; baseline -0.001 -6"><span class='ocrx_word' id='word_1_56' title='bbox 527 2570 599 2613; x_wconf 74' lang='lat' dir='ltr'><strong>svtu</strong></span> <span class='ocrx_word' id='word_1_57' title='bbox 615 2572 730 2614; x_wconf 52' lang='lat' dir='ltr'><strong>mutua</strong></span> <span class='ocrx_word' id='word_1_58' title='bbox 883 2569 1220 2618; x_wconf 67' lang='lat' dir='ltr'><strong>anticametaorvm</strong></span> 
     </span>
     <span class='ocr_line' id='line_1_11' title="bbox 520 2690 1204 2739; baseline -0.001 -5"><span class='ocrx_word' id='word_1_59' title='bbox 520 2691 566 2734; x_wconf 69' lang='lat' dir='ltr'><strong>*vs</strong></span> <span class='ocrx_word' id='word_1_60' title='bbox 577 2690 683 2736; x_wconf 72' lang='lat' dir='ltr'><strong>nosris</strong></span> <span class='ocrx_word' id='word_1_61' title='bbox 869 2695 983 2739; x_wconf 73' lang='lat' dir='ltr'><strong>APRONI</strong></span> <span class='ocrx_word' id='word_1_62' title='bbox 1013 2709 1020 2724; x_wconf 91' lang='lat'><strong>·</strong></span> <span class='ocrx_word' id='word_1_63' title='bbox 1049 2693 1186 2738; x_wconf 70' lang='lat' dir='ltr'><strong>aratorem</strong></span> <span class='ocrx_word' id='word_1_64' title='bbox 1197 2704 1204 2719; x_wconf 82' lang='lat'><em>⁰</em></span> 
     </span>
     <span class='ocr_line' id='line_1_12' title="bbox 876 2814 1230 2859; baseline 0 -1"><span class='ocrx_word' id='word_1_65' title='bbox 876 2816 926 2859; x_wconf 84' lang='lat' dir='ltr'><strong>IIlC</strong></span> <span class='ocrx_word' id='word_1_66' title='bbox 938 2829 945 2844; x_wconf 92' lang='lat'><strong>·</strong></span> <span class='ocrx_word' id='word_1_67' title='bbox 957 2815 1119 2858; x_wconf 66' lang='lat' dir='ltr'><strong>rotat-fvit</strong></span> <span class='ocrx_word' id='word_1_68' title='bbox 1130 2830 1137 2843; x_wconf 93' lang='lat'><strong>·</strong></span> <span class='ocrx_word' id='word_1_69' title='bbox 1149 2814 1230 2858; x_wconf 65' lang='lat' dir='ltr'><strong>iric-r</strong></span> 
     </span>
    </p>
   </div>
   <div class='ocr_carea' id='block_1_8' title="bbox 870 2941 1231 3262">
    <p class='ocr_par' dir='ltr' id='par_1_8' title="bbox 870 2941 1231 3262">
     <span class='ocr_line' id='line_1_13' title="bbox 877 2941 1231 2988; baseline -0.003 -2"><span class='ocrx_word' id='word_1_70' title='bbox 877 2944 1095 2988; x_wconf 76' lang='lat' dir='ltr'><strong>ranarnxran·</strong></span> <span class='ocrx_word' id='word_1_71' title='bbox 1114 2941 1231 2987; x_wconf 77' lang='lat' dir='ltr'><strong>rosrrar</strong></span> 
     </span>
     <span class='ocr_line' id='line_1_14' title="bbox 870 3077 1227 3126; baseline 0.011 -7"><span class='ocrx_word' id='word_1_72' title='bbox 870 3077 1035 3121; x_wconf 80' lang='lat' dir='ltr'><strong>sarrauvra</strong></span> <span class='ocrx_word' id='word_1_73' title='bbox 1064 3078 1140 3122; x_wconf 84' lang='lat' dir='ltr'><strong>rvna</strong></span> <span class='ocrx_word' id='word_1_74' title='bbox 1166 3081 1227 3126; x_wconf 77' lang='lat' dir='ltr'><strong>nan</strong></span> 
     </span>
     <span class='ocr_line' id='line_1_15' title="bbox 874 3195 1228 3262; baseline 0.008 -14"><span class='ocrx_word' id='word_1_75' title='bbox 874 3203 991 3248; x_wconf 71' lang='lat' dir='ltr'><strong>masaa</strong></span> <span class='ocrx_word' id='word_1_76' title='bbox 1005 3205 1098 3262; x_wconf 70' lang='lat' dir='ltr'><strong>Quam</strong></span> <span class='ocrx_word' id='word_1_77' title='bbox 1117 3195 1228 3252; x_wconf 79' lang='lat' dir='ltr'><strong>ornari</strong></span> 
     </span>
    </p>
   </div>
   <div class='ocr_carea' id='block_1_9' title="bbox 1041 3327 1232 3383">
    <p class='ocr_par' dir='ltr' id='par_1_9' title="bbox 1041 3327 1232 3383">
     <span class='ocr_line' id='line_1_16' title="bbox 1041 3327 1232 3383; baseline 0.031 -7"><span class='ocrx_word' id='word_1_78' title='bbox 1041 3334 1058 3376; x_wconf 80' lang='lat' dir='ltr'><strong>c</strong></span> <span class='ocrx_word' id='word_1_79' title='bbox 1073 3349 1080 3365; x_wconf 92' lang='lat'><strong>·</strong></span> <span class='ocrx_word' id='word_1_80' title='bbox 1096 3327 1232 3383; x_wconf 76' lang='lat' dir='ltr'><strong>araomc</strong></span> 
     </span>
    </p>
   </div>
   <div class='ocr_carea' id='block_1_10' title="bbox 260 3849 1598 4149">
    <p class='ocr_par' dir='ltr' id='par_1_10' title="bbox 260 3849 1598 4149">
     <span class='ocr_line' id='line_1_17' title="bbox 343 3849 1597 3944; baseline -0.002 -21"><span class='ocrx_word' id='word_1_81' title='bbox 343 3849 469 3942; x_wconf 72' lang='lat' dir='ltr'><strong>lipronii</strong></span> <span class='ocrx_word' id='word_1_82' title='bbox 494 3881 602 3923; x_wconf 89' lang='lat' dir='ltr'><strong>nomen</strong></span> <span class='ocrx_word' id='word_1_83' title='bbox 634 3883 701 3924; x_wconf 88' lang='lat' dir='ltr'><strong>cum</strong></span> <span class='ocrx_word' id='word_1_84' title='bbox 733 3867 765 3925; x_wconf 88' lang='lat' dir='ltr'><strong>iu</strong></span> <span class='ocrx_word' id='word_1_85' title='bbox 791 3884 869 3925; x_wconf 86' lang='lat' dir='ltr'><strong>novo</strong></span> <span class='ocrx_word' id='word_1_86' title='bbox 891 3865 1058 3944; x_wconf 81' lang='lat' dir='ltr'><strong>fragmento</strong></span> <span class='ocrx_word' id='word_1_87' title='bbox 1085 3865 1132 3924; x_wconf 87' lang='lat' dir='ltr'><strong>bie</strong></span> <span class='ocrx_word' id='word_1_88' title='bbox 1158 3866 1288 3942; x_wconf 88' lang='lat' dir='ltr'><strong>legatur,</strong></span> <span class='ocrx_word' id='word_1_89' title='bbox 1321 3863 1393 3922; x_wconf 88' lang='lat' dir='ltr'><strong>item</strong></span> <span class='ocrx_word' id='word_1_90' title='bbox 1419 3861 1538 3921; x_wconf 84' lang='lat' dir='ltr'><strong>tertiam</strong></span> <span class='ocrx_word' id='word_1_91' title='bbox 1562 3860 1597 3920; x_wconf 90' lang='lat' dir='ltr'><strong>in</strong></span> 
     </span>
     <span class='ocr_line' id='line_1_18' title="bbox 262 3963 1598 4045; baseline -0.004 -18"><span class='ocrx_word' id='word_1_92' title='bbox 262 3965 496 4038; x_wconf 85' lang='lat' dir='ltr'><strong>Gualtheriano,</strong></span> <span class='ocrx_word' id='word_1_93' title='bbox 523 3977 680 4043; x_wconf 86' lang='lat' dir='ltr'><strong>praeterea</strong></span> <span class='ocrx_word' id='word_1_94' title='bbox 699 3967 786 4026; x_wconf 85' lang='lat' dir='ltr'><strong>facile</strong></span> <span class='ocrx_word' id='word_1_95' title='bbox 808 3968 1000 4045; x_wconf 77' lang='lat' dir='ltr'><strong>intellegatur</strong></span> <span class='ocrx_word' id='word_1_96' title='bbox 1021 3967 1239 4027; x_wconf 84' lang='lat' dir='ltr'><strong>dedicationem</strong></span> <span class='ocrx_word' id='word_1_97' title='bbox 1259 3967 1344 4024; x_wconf 90' lang='lat' dir='ltr'><strong>-banc</strong></span> <span class='ocrx_word' id='word_1_98' title='bbox 1371 3963 1501 4023; x_wconf 81' lang='lat' dir='ltr'><strong>oblatam</strong></span> <span class='ocrx_word' id='word_1_99' title='bbox 1523 3981 1598 4022; x_wconf 84' lang='lat' dir='ltr'><strong>ease</strong></span> 
     </span>
     <span class='ocr_line' id='line_1_19' title="bbox 260 4059 1595 4149; baseline -0.003 -19"><span class='ocrx_word' id='word_1_100' title='bbox 260 4079 384 4148; x_wconf 91' lang='lat' dir='ltr'><strong>propter</strong></span> <span class='ocrx_word' id='word_1_101' title='bbox 402 4059 608 4146; x_wconf 69' lang='lat' dir='ltr'><strong>&#39;Aproniorum&#39;</strong></span> <span class='ocrx_word' id='word_1_102' title='bbox 630 4067 756 4129; x_wconf 87' lang='lat' dir='ltr'><strong>duorum</strong></span> <span class='ocrx_word' id='word_1_103' title='bbox 778 4071 872 4148; x_wconf 86' lang='lat' dir='ltr'><strong>patris</strong></span> <span class='ocrx_word' id='word_1_104' title='bbox 894 4071 1008 4149; x_wconf 83' lang='lat' dir='ltr'><strong>filinue</strong></span> <span class='ocrx_word' id='word_1_105' title='bbox 1030 4088 1161 4148; x_wconf 90' lang='lat' dir='ltr'><strong>pugnam</strong></span> <span class='ocrx_word' id='word_1_106' title='bbox 1182 4087 1251 4128; x_wconf 91' lang='lat' dir='ltr'><strong>cum</strong></span> <span class='ocrx_word' id='word_1_107' title='bbox 1273 4066 1425 4138; x_wconf 80' lang='lat' dir='ltr'><strong>Gaetulis,</strong></span> <span class='ocrx_word' id='word_1_108' title='bbox 1449 4066 1508 4124; x_wconf 87' lang='lat' dir='ltr'><strong>iam</strong></span> <span class='ocrx_word' id='word_1_109' title='bbox 1531 4084 1595 4142; x_wconf 86' lang='lat' dir='ltr'><strong>qno</strong></span> 
     </span>
    </p>
   </div>
   <div class='ocr_carea' id='block_1_11' title="bbox 260 4167 1696 4250">
    <p class='ocr_par' dir='ltr' id='par_1_11' title="bbox 260 4167 1696 4250">
     <span class='ocr_line' id='line_1_20' title="bbox 260 4167 1696 4250; baseline -0.008 -18"><span class='ocrx_word' id='word_1_110' title='bbox 260 4173 418 4250; x_wconf 86' lang='lat' dir='ltr'><strong>pertineat,</strong></span> <span class='ocrx_word' id='word_1_111' title='bbox 440 4171 572 4249; x_wconf 87' lang='lat' dir='ltr'><strong>explicat</strong></span> <span class='ocrx_word' id='word_1_112' title='bbox 597 4171 722 4232; x_wconf 83' lang='lat' dir='ltr'><strong>Tacitus</strong></span> <span class='ocrx_word' id='word_1_113' title='bbox 745 4173 834 4232; x_wconf 89' lang='lat' dir='ltr'><strong>tertio</strong></span> <span class='ocrx_word' id='word_1_114' title='bbox 855 4173 956 4232; x_wconf 86' lang='lat' dir='ltr'><strong>annali</strong></span> <span class='ocrx_word' id='word_1_115' title='bbox 978 4172 1017 4248; x_wconf 91' lang='lat' dir='ltr'><strong>(c.</strong></span> <span class='ocrx_word' id='word_1_116' title='bbox 1031 4171 1085 4248; x_wconf 78' lang='lat'><strong>21)</strong></span> <span class='ocrx_word' id='word_1_117' title='bbox 1108 4190 1252 4231; x_wconf 83' lang='lat' dir='ltr'><strong>enarrans</strong></span> <span class='ocrx_word' id='word_1_118' title='bbox 1273 4170 1382 4229; x_wconf 90' lang='lat' dir='ltr'><strong>bellum</strong></span> <span class='ocrx_word' id='word_1_119' title='bbox 1402 4189 1420 4228; x_wconf 89' lang='lat' dir='ltr'><strong>a</strong></span> <span class='ocrx_word' id='word_1_120' title='bbox 1442 4167 1477 4226; x_wconf 88' lang='lat' dir='ltr'><strong>L.</strong></span> <span class='ocrx_word' id='word_1_121' title='bbox 1493 4168 1598 4245; x_wconf 83' lang='lat' dir='ltr'><strong>Apro·</strong></span> <span class='ocrx_word' id='word_1_122' title='bbox 1681 4199 1696 4228; x_wconf 72' lang='lat' dir='ltr'><strong>‚t</strong></span> 
     </span>
    </p>
   </div>
   <div class='ocr_carea' id='block_1_12' title="bbox 194 4271 1597 5278">
    <p class='ocr_par' dir='ltr' id='par_1_12' title="bbox 194 4271 1597 5278">
     <span class='ocr_line' id='line_1_21' title="bbox 261 4271 1596 4353; baseline -0.003 -20"><span class='ocrx_word' id='word_1_123' title='bbox 261 4279 312 4334; x_wconf 93' lang='lat' dir='ltr'><strong>nio</strong></span> <span class='ocrx_word' id='word_1_124' title='bbox 334 4274 512 4352; x_wconf 78' lang='lat' dir='ltr'><strong>proconsule</strong></span> <span class='ocrx_word' id='word_1_125' title='bbox 537 4274 661 4334; x_wconf 81' lang='lat' dir='ltr'><strong>Africae</strong></span> <span class='ocrx_word' id='word_1_126' title='bbox 689 4276 854 4353; x_wconf 84' lang='lat' dir='ltr'><strong>Imperante</strong></span> <span class='ocrx_word' id='word_1_127' title='bbox 880 4274 1003 4335; x_wconf 82' lang='lat' dir='ltr'><strong>Tiberio</strong></span> <span class='ocrx_word' id='word_1_128' title='bbox 1032 4294 1058 4333; x_wconf 89' lang='lat' dir='ltr'><strong>a.</strong></span> <span class='ocrx_word' id='word_1_129' title='bbox 1080 4294 1111 4351; x_wconf 87' lang='lat' dir='ltr'><strong>p.</strong></span> <span class='ocrx_word' id='word_1_130' title='bbox 1134 4272 1206 4333; x_wconf 85' lang='lat' dir='ltr'><strong>Chr.</strong></span> <span class='ocrx_word' id='word_1_131' title='bbox 1235 4271 1274 4330; x_wconf 77' lang='lat'><strong>20</strong></span> <span class='ocrx_word' id='word_1_132' title='bbox 1301 4281 1417 4350; x_wconf 79' lang='lat' dir='ltr'><strong>gestum</strong></span> <span class='ocrx_word' id='word_1_133' title='bbox 1445 4271 1596 4329; x_wconf 77' lang='lat' dir='ltr'><strong>adversus</strong></span> 
     </span>
     <span class='ocr_line' id='line_1_22' title="bbox 261 4373 1597 4452; baseline -0.004 -15"><span class='ocrx_word' id='word_1_134' title='bbox 261 4377 484 4437; x_wconf 84' lang='lat' dir='ltr'><strong>Tacfarinatem</strong></span> <span class='ocrx_word' id='word_1_135' title='bbox 506 4377 611 4436; x_wconf 89' lang='lat' dir='ltr'><strong>ducem</strong></span> <span class='ocrx_word' id='word_1_136' title='bbox 631 4376 833 4437; x_wconf 89' lang='lat' dir='ltr'><strong>Numidarum</strong></span> <span class='ocrx_word' id='word_1_137' title='bbox 855 4378 1102 4437; x_wconf 81' lang='lat' dir='ltr'><strong>Musulamiorum</strong></span> <span class='ocrx_word' id='word_1_138' title='bbox 1124 4385 1154 4436; x_wconf 90' lang='lat' dir='ltr'><strong>et</strong></span> <span class='ocrx_word' id='word_1_139' title='bbox 1174 4376 1282 4436; x_wconf 87' lang='lat' dir='ltr'><strong>finiens</strong></span> <span class='ocrx_word' id='word_1_140' title='bbox 1305 4376 1364 4434; x_wconf 79' lang='lat' dir='ltr'><strong>alc:</strong></span> <span class='ocrx_word' id='word_1_141' title='bbox 1387 4373 1597 4452; x_wconf 73' lang='lat' dir='ltr'><strong>(Tacfarinas)</strong></span> 
     </span>
     <span class='ocr_line' id='line_1_23' title="bbox 256 4464 1596 4558; baseline -0.004 -19"><span class='ocrx_word' id='word_1_142' title='bbox 256 4464 411 4558; x_wconf 70' lang='lat' dir='ltr'><strong>postquam</strong></span> <span class='ocrx_word' id='word_1_143' title='bbox 427 4481 536 4555; x_wconf 80' lang='lat' dir='ltr'><strong>dcjlccit</strong></span> <span class='ocrx_word' id='word_1_144' title='bbox 549 4481 590 4538; x_wconf 88' lang='lat' dir='ltr'><strong>ad</strong></span> <span class='ocrx_word' id='word_1_145' title='bbox 602 4483 759 4540; x_wconf 76' lang='lat' dir='ltr'><strong>uraritiruor</strong></span> <span class='ocrx_word' id='word_1_146' title='bbox 776 4481 867 4552; x_wconf 87' lang='lat' dir='ltr'><strong>locoa,</strong></span> <span class='ocrx_word' id='word_1_147' title='bbox 883 4481 1021 4558; x_wconf 71' lang='lat' dir='ltr'><strong>ioliqatua</strong></span> <span class='ocrx_word' id='word_1_148' title='bbox 1032 4479 1147 4557; x_wconf 83' lang='lat' dir='ltr'><strong>praeda</strong></span> <span class='ocrx_word' id='word_1_149' title='bbox 1161 4481 1274 4537; x_wconf 84' lang='lat' dir='ltr'><strong>atatiuia</strong></span> <span class='ocrx_word' id='word_1_150' title='bbox 1289 4479 1394 4537; x_wconf 60' lang='lat' dir='ltr'><strong>aarum</strong></span> <span class='ocrx_word' id='word_1_151' title='bbox 1409 4475 1596 4536; x_wconf 72' lang='lat' dir='ltr'><strong>adhaerebat.</strong></span> 
     </span>
     <span class='ocr_line' id='line_1_24' title="bbox 260 4579 1596 4660; baseline -0.004 -17"><span class='ocrx_word' id='word_1_152' title='bbox 260 4584 357 4643; x_wconf 80' lang='lat' dir='ltr'><strong>ddicau</strong></span> <span class='ocrx_word' id='word_1_153' title='bbox 378 4587 476 4660; x_wconf 81' lang='lat' dir='ltr'><strong>patria</strong></span> <span class='ocrx_word' id='word_1_154' title='bbox 503 4583 653 4659; x_wconf 72' lang='lat' dir='ltr'><strong>Apronius</strong></span> <span class='ocrx_word' id='word_1_155' title='bbox 685 4580 843 4642; x_wconf 71' lang='lat' dir='ltr'><strong>Caesianus</strong></span> <span class='ocrx_word' id='word_1_156' title='bbox 870 4603 932 4643; x_wconf 87' lang='lat' dir='ltr'><strong>cum</strong></span> <span class='ocrx_word' id='word_1_157' title='bbox 960 4587 1051 4660; x_wconf 83' lang='lat' dir='ltr'><strong>equite</strong></span> <span class='ocrx_word' id='word_1_158' title='bbox 1078 4591 1104 4641; x_wconf 82' lang='lat' dir='ltr'><strong>et</strong></span> <span class='ocrx_word' id='word_1_159' title='bbox 1131 4582 1291 4640; x_wconf 78' lang='lat' dir='ltr'><strong>cohortibua</strong></span> <span class='ocrx_word' id='word_1_160' title='bbox 1322 4579 1500 4651; x_wconf 73' lang='lat' dir='ltr'><strong>armiliaru&#39;r&#39;a,</strong></span> <span class='ocrx_word' id='word_1_161' title='bbox 1528 4582 1596 4655; x_wconf 80' lang='lat' dir='ltr'><strong>quir</strong></span> 
     </span>
     <span class='ocr_line' id='line_1_25' title="bbox 259 4683 1596 4762; baseline -0.004 -19"><span class='ocrx_word' id='word_1_162' title='bbox 259 4687 450 4746; x_wconf 69' lang='lat' dir='ltr'><strong>uelocissimos</strong></span> <span class='ocrx_word' id='word_1_163' title='bbox 477 4685 617 4761; x_wconf 77' lang='lat' dir='ltr'><strong>legionum</strong></span> <span class='ocrx_word' id='word_1_164' title='bbox 643 4687 810 4756; x_wconf 82' lang='lat' dir='ltr'><strong>addiderat,</strong></span> <span class='ocrx_word' id='word_1_165' title='bbox 834 4705 1007 4762; x_wconf 70' lang='lat' dir='ltr'><strong>prosperam</strong></span> <span class='ocrx_word' id='word_1_166' title='bbox 1032 4686 1183 4743; x_wconf 71' lang='lat' dir='ltr'><strong>aduersum</strong></span> <span class='ocrx_word' id='word_1_167' title='bbox 1210 4683 1355 4742; x_wconf 81' lang='lat' dir='ltr'><strong>Numidae</strong></span> <span class='ocrx_word' id='word_1_168' title='bbox 1378 4699 1506 4759; x_wconf 73' lang='lat' dir='ltr'><strong>pequam</strong></span> <span class='ocrx_word' id='word_1_169' title='bbox 1520 4683 1596 4756; x_wconf 81' lang='lat' dir='ltr'><strong>fecit</strong></span> 
     </span>
     <span class='ocr_line' id='line_1_26' title="bbox 257 4785 1597 4867; baseline -0.005 -19"><span class='ocrx_word' id='word_1_170' title='bbox 257 4788 396 4865; x_wconf 83' lang='lat' dir='ltr'><strong>pellitque</strong></span> <span class='ocrx_word' id='word_1_171' title='bbox 429 4792 461 4846; x_wconf 79' lang='lat' dir='ltr'><strong>in</strong></span> <span class='ocrx_word' id='word_1_172' title='bbox 496 4789 617 4847; x_wconf 80' lang='lat' dir='ltr'><strong>decerta.</strong></span> <span class='ocrx_word' id='word_1_173' title='bbox 660 4789 709 4846; x_wconf 90' lang='lat' dir='ltr'><strong>Ita</strong></span> <span class='ocrx_word' id='word_1_174' title='bbox 734 4808 801 4847; x_wconf 90' lang='lat' dir='ltr'><strong>cum</strong></span> <span class='ocrx_word' id='word_1_175' title='bbox 830 4797 1038 4867; x_wconf 82' lang='lat' dir='ltr'><strong>argumentum</strong></span> <span class='ocrx_word' id='word_1_176' title='bbox 1073 4787 1236 4846; x_wconf 88' lang='lat' dir='ltr'><strong>carminum</strong></span> <span class='ocrx_word' id='word_1_177' title='bbox 1266 4785 1491 4855; x_wconf 87' lang='lat' dir='ltr'><strong>interviderem‚</strong></span> <span class='ocrx_word' id='word_1_178' title='bbox 1528 4787 1597 4860; x_wconf 84' lang='lat' dir='ltr'><strong>Ipea</strong></span> 
     </span>
     <span class='ocr_line' id='line_1_27' title="bbox 261 4886 1595 4967; baseline -0.003 -18"><span class='ocrx_word' id='word_1_179' title='bbox 261 4889 447 4950; x_wconf 90' lang='lat' dir='ltr'><strong>Buechelero</strong></span> <span class='ocrx_word' id='word_1_180' title='bbox 479 4891 591 4950; x_wconf 83' lang='lat' dir='ltr'><strong>tramiai</strong></span> <span class='ocrx_word' id='word_1_181' title='bbox 620 4908 747 4967; x_wconf 86' lang='lat' dir='ltr'><strong>rogans,</strong></span> <span class='ocrx_word' id='word_1_182' title='bbox 776 4903 809 4949; x_wconf 86' lang='lat' dir='ltr'><strong>nt</strong></span> <span class='ocrx_word' id='word_1_183' title='bbox 843 4909 946 4950; x_wconf 90' lang='lat' dir='ltr'><strong>eorum</strong></span> <span class='ocrx_word' id='word_1_184' title='bbox 981 4891 1231 4951; x_wconf 83' lang='lat' dir='ltr'><strong>restituendorum</strong></span> <span class='ocrx_word' id='word_1_185' title='bbox 1272 4888 1437 4966; x_wconf 87' lang='lat' dir='ltr'><strong>periculum</strong></span> <span class='ocrx_word' id='word_1_186' title='bbox 1473 4886 1595 4946; x_wconf 85' lang='lat' dir='ltr'><strong>iaceret.</strong></span> 
     </span>
     <span class='ocr_line' id='line_1_28' title="bbox 262 4991 1596 5072; baseline -0.003 -21"><span class='ocrx_word' id='word_1_187' title='bbox 262 4991 351 5067; x_wconf 80' lang='lat' dir='ltr'><strong>Quod</strong></span> <span class='ocrx_word' id='word_1_188' title='bbox 377 4995 420 5052; x_wconf 84' lang='lat' dir='ltr'><strong>itu</strong></span> <span class='ocrx_word' id='word_1_189' title='bbox 445 4993 580 5071; x_wconf 80' lang='lat' dir='ltr'><strong>perfecit,</strong></span> <span class='ocrx_word' id='word_1_190' title='bbox 607 5005 640 5053; x_wconf 87' lang='lat' dir='ltr'><strong>ut</strong></span> <span class='ocrx_word' id='word_1_191' title='bbox 666 5011 750 5070; x_wconf 86' lang='lat' dir='ltr'><strong>spem</strong></span> <span class='ocrx_word' id='word_1_192' title='bbox 776 5012 865 5069; x_wconf 88' lang='lat' dir='ltr'><strong>quam</strong></span> <span class='ocrx_word' id='word_1_193' title='bbox 891 4994 1037 5053; x_wconf 86' lang='lat' dir='ltr'><strong>habebam</strong></span> <span class='ocrx_word' id='word_1_194' title='bbox 1065 5002 1187 5053; x_wconf 81' lang='lat' dir='ltr'><strong>eventus</strong></span> <span class='ocrx_word' id='word_1_195' title='bbox 1216 4991 1311 5072; x_wconf 54' lang='lat' dir='ltr'><strong>‚longe</strong></span> <span class='ocrx_word' id='word_1_196' title='bbox 1337 5002 1507 5069; x_wconf 62' lang='lat' dir='ltr'><strong>superarem</strong></span> <span class='ocrx_word' id='word_1_197' title='bbox 1540 5009 1596 5048; x_wconf 87' lang='lat' dir='ltr'><strong>nec</strong></span> 
     </span>
     <span class='ocr_line' id='line_1_29' title="bbox 253 5093 1595 5174; baseline -0.004 -20"><span class='ocrx_word' id='word_1_198' title='bbox 253 5097 444 5170; x_wconf 63' lang='lat' dir='ltr'><strong>⁴committere</strong></span> <span class='ocrx_word' id='word_1_199' title='bbox 466 5095 559 5168; x_wconf 84' lang='lat' dir='ltr'><strong>volui,</strong></span> <span class='ocrx_word' id='word_1_200' title='bbox 581 5103 614 5154; x_wconf 90' lang='lat' dir='ltr'><strong>ut</strong></span> <span class='ocrx_word' id='word_1_201' title='bbox 636 5114 755 5154; x_wconf 87' lang='lat' dir='ltr'><strong>carmen</strong></span> <span class='ocrx_word' id='word_1_202' title='bbox 776 5103 900 5174; x_wconf 86' lang='lat' dir='ltr'><strong>propter</strong></span> <span class='ocrx_word' id='word_1_203' title='bbox 920 5116 1019 5155; x_wconf 91' lang='lat' dir='ltr'><strong>rerum</strong></span> <span class='ocrx_word' id='word_1_204' title='bbox 1042 5096 1216 5156; x_wconf 84' lang='lat' dir='ltr'><strong>memoriam</strong></span> <span class='ocrx_word' id='word_1_205' title='bbox 1244 5093 1437 5154; x_wconf 82' lang='lat' dir='ltr'><strong>memorabile</strong></span> <span class='ocrx_word' id='word_1_206' title='bbox 1465 5109 1519 5150; x_wconf 87' lang='lat' dir='ltr'><strong>nco</strong></span> <span class='ocrx_word' id='word_1_207' title='bbox 1540 5109 1595 5168; x_wconf 87' lang='lat' dir='ltr'><strong>per</strong></span> 
     </span>
     <span class='ocr_line' id='line_1_30' title="bbox 194 5199 1181 5278; baseline 0.004 -26"><span class='ocrx_word' id='word_1_208' title='bbox 194 5241 199 5252; x_wconf 94' lang='grc'><em>,</em></span> <span class='ocrx_word' id='word_1_209' title='bbox 261 5217 294 5257; x_wconf 84' lang='lat' dir='ltr'><strong>ee</strong></span> <span class='ocrx_word' id='word_1_210' title='bbox 314 5199 513 5276; x_wconf 76' lang='lat' dir='ltr'><strong>spernendum</strong></span> <span class='ocrx_word' id='word_1_211' title='bbox 538 5200 599 5258; x_wconf 88' lang='lat' dir='ltr'><strong>iam</strong></span> <span class='ocrx_word' id='word_1_212' title='bbox 621 5200 739 5278; x_wconf 79' lang='lat' dir='ltr'><strong>egregie</strong></span> <span class='ocrx_word' id='word_1_213' title='bbox 760 5207 908 5258; x_wconf 85' lang='lat' dir='ltr'><strong>resartum</strong></span> <span class='ocrx_word' id='word_1_214' title='bbox 930 5199 1044 5258; x_wconf 84' lang='lat' dir='ltr'><strong>diutius</strong></span> <span class='ocrx_word' id='word_1_215' title='bbox 1066 5201 1181 5258; x_wconf 84' lang='lat' dir='ltr'><strong>lateret.</strong></span> 
     </span>
    </p>
   </div>
   <div class='ocr_carea' id='block_1_13' title="bbox 0 0 1738 5820">
    <p class='ocr_par' dir='ltr' id='par_1_13' title="bbox 0 0 1738 5820">
     <span class='ocr_line' id='line_1_31' title="bbox 0 0 1738 5820; baseline 0 0"><span class='ocrx_word' id='word_1_216' title='bbox 0 0 1738 5820; x_wconf 95' lang='lat' dir='ltr'><strong> </strong></span> 
     </span>
    </p>
   </div>
  </div>
 </body>
</html>
