3510 5820
89 689 261 750 Mamurra

89 1101 290 1158 Mercurios

181 1203 205 1242 a

87 1268 290 1326 Msrvuauvs

80 4075 302 4136 Naaronrrs-

133 4173 202 4215 nvs

79 4279 267 4340 Numanus

542 475 697 578 Qvaasr.
718 515 934 567 ouonarou.
953 518 978 566 1.
1374 498 1420 568 41

339 689 482 748 Mariana
505 689 665 766 Calpurnia
687 692 808 749 Aesone
830 690 860 748 in
883 689 1031 766 Hispania
1052 689 1273 750 Tarraconensi
1296 687 1330 750 O.
1347 690 1370 748 Ι.
1386 688 1423 749 L.

422 793 561 852 114465.

339 895 387 954 De
409 895 545 954 Mariano
572 879 671 955 monte
695 895 886 972 metallisque
909 895 1055 955 Marianis
1077 894 1107 954 iu
1130 891 1280 971 Hispania
1301 894 1364 954 diri
1386 895 1425 954 ad

341 996 375 1058 C.
391 997 417 1056 Ι.
432 996 469 1057 L.
484 997 516 1056 11
532 995 624 1056 2269.
667 995 844 1075 Cognomen
865 998 994 1057 Mariani
1016 997 1155 1074 frequens
1178 1006 1233 1056 est.

344 1102 375 1161 C.
391 1098 580 1158 ’Menalcam
602 1099 740 1159 tribunus
762 1101 890 1160 militum
912 1099 1038 1158 Antonii
1059 1099 1089 1158 iu
1112 1097 1266 1159 Ciceronis
1287 1096 1426 1159 Sestiana
1496 1119 1499 1126 ¹

425 1205 454 1274 4,
471 1203 499 1262 9.
532 1203 581 1260 Ita
602 1221 640 1261 ex
662 1202 749 1262 libris
764 1202 905 1262 Parisino
926 1211 956 1261 et
970 1201 1180 1262 Gemblacensi
1201 1201 1333 1261 restitnit
1348 1201 1424 1262 Hal-

424 1306 517 1376 mius3
540 1304 682 1363 edebatur
698 1312 792 1380 *antea
814 1302 848 1365 (l.
870 1305 1016 1364 Aulanus.
1053 1303 1144 1380 Quod
1165 1305 1194 1365 in
1212 1303 1426 1364 Gcmblacensi

425 1408 462 1466 ab
485 1407 580 1466 altera
601 1425 690 1466 manu
710 1416 876 1465 correctum
899 1417 946 1466 cst
964 1407 1132 1467 Menolanna
1154 1407 1351 1483 antiquiorem
1375 1425 1426 1464 ro-

423 1510 518 1570 calem
541 1507 663 1580 indicat,
685 1518 718 1568 ut
738 1509 769 1588 in
790 1509 949 1583 desolantur
973 1509 1144 1585 Aesulunua.

340 1613 477 1674 Alterum
493 1612 622 1670 nominis
635 1611 807 1690 exemplum
823 1618 936 1670 certum
953 1629 1012 1672 non
1028 1612 1175 1690 suppetit3
1194 1632 1263 1671 nam
1279 1616 1316 1670 ΙΙ.
1333 1605 1426 1674 Τίτιος

339 1705 527 1784 Μηουβιανδς
547 1707 670 1790 Milton
692 1714 844 1774 Trallibus
867 1711 902 1774 O.
923 1714 947 1774 I.
969 1711 1023 1774 Gr.
1044 1712 1125 1774 2930
1152 1715 1183 1774 in
1205 1713 1291 1774 titulo
1314 1714 1424 1774 saeculi

340 1817 429 1894 primi
451 1799 624 1876 Maec-ianua
646 1817 822 1895 cognomine
844 1817 938 1875 altero
960 1816 1077 1876 videtur
1098 1816 1195 1876 dictus
1217 1815 1319 1876 fuisse.
1365 1815 1425 1878 Sed

340 1921 413 1978 latet
439 1919 496 1977 hoc
523 1937 632 1978 nomen
659 1919 718 1978 nisi
745 1919 846 1978 omnia
872 1918 979 1978 fallunt
1006 1921 1038 1978 iu
1060 1917 1148 1978 titulo
1171 1919 1285 1978 urbano
1307 1928 1425 1980 vetusto

341 2021 375 2082 (l.
391 2020 417 2080 1.
432 2021 467 2080 L.
491 2020 583 2082 1638
606 2042 634 2080 v.
652 2020 685 2094 2,
712 2041 798 2098 quem
822 2022 958 2099 Ryckiua
980 2023 1066 2081 testis
1090 2022 1195 2080 unicus
1217 2023 1261 2080 ita
1280 2022 1353 2100 legit

340 2139 487 2184 vrum.
502 2167 509 2182 .
524 2167 552 2183 ..
575 2141 649 2182 Μ.
694 2122 822 2184 Videtur
849 2133 948 2182 autern
974 2123 1060 2183 initio
1082 2125 1157 2183 nihil
1180 2123 1295 2184 deesse.
1338 2123 1425 2199 Quod

342 2227 544 2286 Mommseuus
569 2227 671 2305 posuit
697 2227 726 2285 Τ.
750 2226 854 2285 Aebuti
875 2227 920 2285 M.
936 2231 964 2304 s.
987 2247 1006 2284 a
1026 2226 1137 2285 tradita
1158 2227 1284 2286 lectione
1306 2227 1425 2304 longius

342 2331 462 2389 recedit.

381 2432 521 2492 Mevania
534 2430 676 2492 Umbriae
699 2439 783 2503 nota3
806 2431 859 2490 sed
874 2430 1020 2492 Umbrum
1036 2431 1199 2490 secundum
1216 2431 1340 2490 sormam
1355 2451 1425 2511 gen·

342 2535 393 2594 tile
416 2535 562 2612 Mesenae,
585 2536 669 2594 cuius
693 2554 782 2594 unum
805 2535 874 2594 novi
896 2535 1064 2611 exemplum
1086 2553 1178 2612 supra
1199 2534 1259 2594 iam
1281 2553 1426 2594 memora·

342 2647 403 2697 turn
423 2639 455 2696 in
472 2638 559 2696 titulo
576 2635 771 2697 Cremonensi
794 2636 841 2712 (C.
858 2637 1004 2712 Mesenati
1021 2636 1137 2697 Gracili
1157 2634 1283 2696 c.1.1..
1300 2636 1328 2693 V
1344 2636 1425 2697 4122

344 2767 379 2791 =
397 2740 490 2801 Orell.
508 2739 614 2816 4080).
654 2739 694 2798 Et
713 2738 825 2800 Mesola
848 2736 1038 2811 Sabinorum,
1059 2759 1136 2816 quae
1159 2748 1238 2797 certo
1261 2748 1349 2799 antea
1363 2740 1426 2798 Mc·

342 2843 501 2914 soluerat,
528 2842 651 2920 propius
674 2843 762 2902 etiam
785 2841 914 2914 accedit,
936 2851 968 2899 ut
989 2841 1143 2900 adnotavit
1163 2841 1367 2902 Mommseuus
1389 2842 1426 2902 de

342 2945 411 3006 dial.
426 2945 464 3004 It.
480 2945 532 3003 inf.
556 2964 584 3022 p.
601 2945 670 3004 343.
709 2944 809 3024 Pagus
830 2931 975 3004 Meflanus
991 2943 1153 3004 Beneventi
1176 2945 1295 3023 saepius
1317 2963 1426 3004 memo-

342 3049 478 3106 ratario
499 3047 600 3106 tabula
621 3047 811 3106 alimentaria
831 3045 976 3126 Ligurum
999 3046 1229 3128 Baebianorum.

329 3148 381 3208 ··P.
401 3150 545 3208 Mutunus
567 3149 605 3208 A.
629 3150 648 3208 l.
672 3149 841 3225 Pamphilae

342 3253 375 3310 P.
397 3251 542 3312 Musam
564 3253 598 3310 P.
622 3251 641 3310 l.
665 3251 837 3327 Philopones

342 3355 376 3414 P.
399 3355 542 3413 Mutunus
563 3353 600 3413 P.
632 3353 649 3410 l.
672 3353 849 3414 Philocrates
877 3354 1065 3414 Interamnae
1092 3351 1270 3414 Nahartium
1294 3353 1328 3416 O.
1348 3355 1373 3414 Ι.
1391 3353 1426 3414 L.

405 3473 407 3477 ’
426 3458 439 3516 Ι
458 3457 546 3517 1405.

343 3559 408 3618 Nec
435 3559 570 3618 aMusis
597 3575 693 3635 neque
720 3577 738 3616 a
765 3560 929 3618 mussando
956 3559 1003 3635 (ut
1024 3559 1187 3637 Bergkium
1210 3559 1295 3618 video
1323 3559 1427 3619 distin'-

343 3681 433 3739 gnere
455 3661 543 3722 Maca
571 3679 735 3738 cognomen
756 3660 897 3720 Latinum
924 3682 943 3720 a
964 3663 1069 3720 Μοῦσα
1095 3663 1125 3720 in
1153 3661 1282 3721 editione
1307 3669 1362 3720 eda
1383 3663 1427 3720 in·

344 3767 418 3824 dicis
440 3784 539 3823 rerum
564 3765 601 3824 ab
623 3764 762 3842 Augusto
784 3772 937 3841 gestarum
959 3786 988 3842 p.
1007 3764 1076 3841 13),
1097 3763 1151 3822 sed
1172 3785 1190 3823 a
1211 3764 1277 3822 loco
1299 3764 1427 3842 quodam

345 3887 451 3926 nomen
473 3867 530 3927 hoc
552 3865 755 3925 derivandum.
793 3865 971 3944 Comparari
988 3876 1087 3944 potest
1101 3867 1267 3926 Tuscorum
1283 3867 1428 3926 Mosarna

346 3971 395 4048 (cf.
419 3970 516 4029 annal.
539 3969 632 4028 instit.
655 3969 803 4030 archacol.
827 3989 854 4027 a.
872 3971 950 4030 1851
973 3989 1003 4048 p.
1020 3968 1135 4044 bles).

347 4073 385 4132 L.
411 4072 623 4149 Neapolitanae
649 4071 797 4131 Liberalia
823 4071 953 4149 Neapoli
979 4072 1004 4130 1.
1027 4072 1066 4132 N.
1088 4071 1169 4132 3275
1195 4073 1226 4131 in
1253 4072 1340 4130 titulo
1368 4091 1427 4130 non

430 4174 589 4234 admodum
611 4181 738 4234 vetusto.
997 4233 998 4236 ,

348 4277 413 4337 Sea.
430 4278 577 4336 Nerianuc
593 4275 659 4335 Sea.
673 4278 701 4352 s.
719 4276 928 4354 Cla(ctnmino)
945 4277 1081 4350 Clemens,
1093 4279 1258 4353 praefectus
1274 4278 1396 4336 solertia
1411 4279 1432 4336 I

429 4381 632 4438 Montanorum
654 4399 680 4437 a.
698 4379 737 4438 80
759 4380 790 4437 in
812 4379 973 4458 diplomate
996 4380 1117 4440 militari
1139 4380 1174 4440 (l.
1189 4381 1215 4439 1.
1231 4379 1266 4438 L.
1289 4379 1348 4451 ΙΙΙ,
1363 4397 1407 4438 x1.
1513 4445 1518 4454 ,

347 4485 411 4544 Sea.
435 4465 582 4542 Nerianna
605 4482 689 4540 Folia
709 4483 824 4542 Romae
846 4482 981 4567 Fabrctti
996 4482 1067 4556 586,
1086 4483 1153 4543 186.

347 4586 411 4646 Sea.
434 4586 581 4644 Nerionua
603 4585 740 4644 Romulus
762 4583 877 4644 Romae
900 4584 996 4644 Orelli
1011 4587 1101 4654 5048.

347 4687 489 4747 Eiusdem
518 4687 649 4746 familiae
676 4687 771 4746 fuisse
799 4696 860 4745 tres
889 4687 959 4746 illos
986 4689 1120 4748 homines
1148 4706 1329 4765 praenomen
1350 4687 1430 4748 idern

348 4791 453 4867 arguit.

388 4892 467 4950 Nero
489 4911 596 4951 nomen
611 4889 768 4964 Umbrum,
791 4893 881 4952 Nerio
905 4894 1014 4953 flumen
1028 4892 1119 4964 Latii,
1140 4893 1252 4952 Nerius
1274 4902 1305 4952 et
1320 4891 1430 4952 Nerius

348 4993 500 5070 gentilicia
520 4995 734 5070 comparands3
759 5014 836 5073 quac
858 5003 953 5054 utrum
974 4996 1082 5071 partim
1105 4995 1143 5054 ad
1164 5015 1219 5054 nar
1239 4995 1368 5055 radicem
1384 5015 1430 5054 re·

347 5097 469 5156 ferenda
495 5098 555 5156 sint
581 5116 673 5157 necue
700 5099 748 5157 hic
774 5118 834 5156 non
863 5116 982 5174 quaero.
1026 5099 1100 5158 Loci
1123 5117 1230 5156 nomen
1252 5097 1348 5157 simile
1370 5116 1429 5157 non
1488 5115 1490 5124 ⁵

351 5216 429 5258 uovr.
