3540 5828
578 532 654 582 unx
673 532 754 584 oon.
775 532 1004 584 uuuurrvnn.
1388 513 1458 584 135

124 705 201 780 Ipse
221 710 320 763 eutem
341 704 409 775 lex,
435 723 525 781 quum
547 706 579 764 in
601 706 737 764 colonius
759 723 832 765 suso
854 705 972 782 legibus
995 703 1108 765 Caesar
1129 687 1244 784 posuit,
1272 705 1463 764 decurionem
1491 707 1589 758 Urbani
1659 785 1665 792 ἱ

124 808 192 866 tisri
219 826 280 865 non
305 824 396 883 posse
422 807 481 866 nisi
508 809 538 866 in
567 808 638 867 urbe
665 808 819 884 degentem
846 808 923 867 redit
950 808 1039 866 etism
1069 808 1099 867 in
1121 809 1184 866 iure
1206 808 1286 883 quod
1307 808 1462 878 hebemus,

124 927 311 986 quamquem
339 909 435 969 sdhuu
462 928 568 988 purum
590 906 793 986 intellects1).
842 910 900 982 Qui
920 913 950 967 in
965 911 1103 984 fraudem
1125 911 1253 981 ordinis,
1274 909 1423 986 Ulpianus
1432 907 1462 986 ²)

125 1014 185 1084 ait,
210 1015 241 1069 in
268 1011 421 1070 honoribus
447 1013 594 1088 percrudis,
620 1032 682 1070 cum
702 1017 775 1072 inter
797 1031 843 1071 eos
865 1013 1032 1089 adprimus
1054 1013 1174 1072 bonores
1202 1015 1253 1089 qui
1279 1015 1372 1071 creari
1393 1031 1463 1090 pus·

125 1123 191 1173 seut
215 1117 245 1172 in
271 1117 384 1173 deitate
404 1113 679 1192 numunianum),
707 1117 900 1174 erritundorum
925 1119 1066 1174 maiorum
1092 1135 1205 1174 onerum
1231 1118 1330 1190 protis
1356 1115 1397 1173 od
1417 1133 1462 1172 co·

125 1217 210 1276 Ionos
232 1217 418 1293 praediorum
444 1236 474 1276 se
502 1217 722 1288 consulerunt,
749 1227 780 1276 ut
805 1218 960 1276 minoribus
988 1216 1178 1288 subiciantur,
1205 1217 1278 1275 lonc
1308 1221 1462 1276 excusatio·

123 1338 190 1376 uem
218 1319 272 1376 sibi
299 1339 355 1377 non
377 1330 573 1395 parauerunt:
601 1321 716 1379 seilicet
742 1320 831 1396 piune
858 1327 890 1378 ut
911 1320 943 1377 in
963 1319 1030 1398 lege
1052 1327 1112 1390 est,
1143 1319 1193 1394 qui
1215 1319 1346 1390 inurbe
1373 1319 1462 1396 degit,

95 1485 98 1490 ,
124 1421 249 1479 decurio
275 1420 423 1479 nominari
450 1429 550 1497 potest
576 1421 830 1499 magistratusque
855 1421 966 1493 creari,
992 1421 1023 1479 in
1050 1422 1182 1499 proediis
1210 1439 1303 1500 egens
1332 1439 1463 1480 commu-

125 1523 217 1582 nibus
245 1531 360 1582 tuntum
389 1523 528 1583 civilibus
556 1524 728 1584 muneribus
757 1525 905 1596 subiacet,
933 1524 996 1596 vel,
1030 1533 1062 1582 ut
1088 1523 1227 1583 rescribit
1253 1522 1462 1582 Diocletianus

125 1644 196 1685 cum
225 1625 349 1703 collegis
359 1624 404 1701 ⁴),
438 1635 480 1685 est
503 1643 613 1697 oerum,
644 1631 694 1703 qui
718 1631 749 1684 in
779 1630 919 1685 territerio
945 1621 1068 1684 alicuius
1095 1607 1232 1684 ciuitatis¹
1246 1635 1462 1696 commorantur,

123 1729 204 1786 uelut
229 1729 340 1788 incolas
367 1729 409 1786 cd
433 1728 595 1797 cunnus
610 1746 728 1787 munero
756 1729 802 1788 uel
828 1729 869 1788 ad
896 1729 1049 1806 cupiendus
1078 1729 1196 1787 bonores
1228 1747 1284 1786 non
1311 1729 1460 1803 adstrinpi.

125 1830 243 1889 Eodem
272 1839 390 1908 spectat
416 1829 496 1907 quod
524 1831 574 1907 qui
602 1840 688 1890 extra
716 1829 858 1908 oppidum
886 1831 917 1890 in
944 1831 1094 1891 territorio
1124 1830 1233 1890 alicubi
1262 1831 1337 1906 ugit,
1366 1830 1463 1889 incola
1541 1815 1543 1818 ⁵

126 1949 198 1992 esse
217 1933 305 1992 modo
327 1931 489 2008 dicturi),
516 1932 607 1991 modo
631 1933 675 1992 itu
695 1931 875 2013 negaturi),
901 1940 934 1991 ut
955 1951 992 1994 ne
1014 1933 1103 1992 liceat
1124 1939 1192 1992 rure
1214 1932 1332 2011 degenti
1359 1932 1461 2009 oppidi

125 2035 292 2093 commodis
321 2031 430 2110 trull).
475 2031 598 2108 Scilicet
626 2035 727 2094 incola
755 2043 802 2095 est
829 2036 868 2093 sd
893 2035 1023 2112 relique,
1051 2053 1110 2094 non
1138 2044 1186 2093 est
1212 2034 1313 2094 incole
1342 2035 1380 2093 ud
1409 2035 1461 2093 ho-

67 2161 70 2170 ·
124 2155 218 2196 nores
239 2137 418 2213 similiaque.
459 2135 599 2196 Ceterum
621 2155 802 2214 quemquem
823 2157 891 2197 rure
913 2137 1025 2215 degens
1046 2136 1130 2195 nullo
1152 2143 1285 2213 tempore
1308 2135 1345 2194 ud
1368 2137 1462 2195 hono·

124 2258 178 2298 res
203 2238 352 2299 admissus
379 2249 438 2310 est,
467 2239 537 2298 inde
563 2258 751 2316 nequaquem
779 2240 915 2317 sequitur
941 2239 1035 2298 cuivis
1062 2238 1189 2298 liberum
1217 2239 1310 2298 inisse
1336 2239 1367 2296 in
1392 2259 1461 2297 rure

123 2341 229 2418 potius
255 2360 346 2418 quum
373 2343 404 2400 in
430 2341 540 2419 oppido
567 2360 665 2420 egere.
713 2342 807 2401 Immo
834 2321 875 2402 eo,
895 2342 1015 2402 nomine
1040 2340 1122 2400 ciues
1150 2348 1180 2400 et
1204 2340 1320 2400 incolae
1348 2341 1461 2400 diversi

23 2505 27 2516 ⁴
123 2445 201 2502 iuris
229 2444 367 2502 videntur
397 2444 507 2516 fuisse,
539 2454 572 2503 ut
601 2445 661 2516 illi,
693 2445 719 2503 si
750 2444 915 2504 honoribus
943 2443 1105 2503 subeundis
1134 2461 1223 2520 pares
1252 2451 1368 2515 essent,
1395 2444 1462 2519 cogi

125 2554 255 2623 possent
278 2545 460 2606 domicilium
490 2547 520 2604 in
547 2547 690 2625 oppidum
717 2545 894 2619 transferre,
922 2545 1031 2605 incolis
1058 2525 1157 2604 auten
1183 2546 1308 2605 liberum
1330 2555 1412 2606 esset
1434 2555 1463 2603 et

123 2648 293 2708 commodis
325 2657 356 2707 et
384 2649 526 2707 oneribus
561 2650 740 2708 urbanorum
770 2651 882 2728 puriter
910 2650 1069 2708 abstinere.
1119 2649 1160 2707 Et
1187 2648 1224 2706 de
1251 2648 1366 2706 uiribus
1396 2648 1462 2725 qui·

124 2751 196 2808 dem
222 2751 366 2826 cogitavit
388 2749 539 2827 Ulpianus
565 2769 601 2810 so
628 2751 695 2810 loco
723 2771 811 2830 quem
838 2752 966 2829 primum
993 2752 1133 2822 recitavi,
1160 2751 1199 2808 ud
1222 2751 1339 2810 incolas
1361 2758 1461 2809 sutem

123 2853 236 2929 reliqui
262 2865 401 2912 auctores
427 2861 634 2929 respexerunt.
683 2852 772 2929 Quod
800 2855 957 2913 confirmet
983 2854 1153 2913 testamenti
1179 2853 1264 2913 locus
1292 2853 1370 2912 tituli
1398 2849 1461 2912 Sic·
1526 2917 1529 2924 ¹

126 2954 267 3031 censisi)
288 2955 353 3014 hio:
382 2955 439 3031 iepi
465 2967 557 3016 cutem
583 2956 718 3016 debebunt
744 2956 841 3033 (inter
862 2973 974 3032 pueros
996 2956 1114 3033 publice
1137 2956 1275 3032 alendos)
1296 2958 1461 3032 municipes,

124 3062 195 3115 item
216 3059 340 3127 incolae,
367 3059 515 3117 dumturut
534 3059 659 3128 incolae,
681 3063 732 3136 qui
752 3063 831 3117 intra
853 3061 1023 3117 continentia
1044 3059 1172 3116 coioniae
1191 3067 1306 3117 nostroe
1328 3059 1461 3134 aedificio

124 3159 322 3218 morabuntur.
337 3193 375 3204 -
394 3159 443 3218 Itu
462 3160 512 3237 qui
527 3161 615 3220 toties
631 3169 900 3222 commemorentur
913 3161 944 3218 in
958 3160 1054 3220 titulis
1068 3163 1222 3236 municipes
1236 3159 1460 3235 intramuranii)

207 3536 230 3598 ¹)
257 3536 413 3601 Diligentius
432 3549 509 3600 quum
528 3535 628 3586 felicius
646 3535 678 3585 ds
697 3535 791 3586 civium
804 3533 963 3586 urbanorum
976 3534 1180 3600 rusticorumque
1194 3533 1345 3587 condicione
1358 3534 1461 3588 dirmsu

123 3630 180 3695 egit
198 3628 279 3680 Kuhn
296 3626 373 3678 nude.
392 3623 461 3693 Vers.
477 3629 501 3690 1,
517 3628 597 3693 29sq.

205 3743 230 3810 ¹)
257 3747 320 3812 Dig.
335 3745 379 3810 50,
394 3747 420 3810 ὃ,
436 3748 462 3809 1,
477 3748 502 3796 2.

205 3862 230 3927 ³)
258 3861 377 3915 Honores
393 3863 479 3916 creari
491 3864 594 3932 possint
612 3863 657 3930 qui
674 3863 702 3914 in
720 3843 823 3914 ciuitute
840 3859 1035 3913 munerabuntur
1053 3862 1145 3913 codex.

205 3980 230 4045 ⁴)
258 3983 323 4034 eod.
342 3985 405 4035 Iust.
427 3986 471 4046 10,
486 3984 530 4046 39,
544 3984 569 4034 3.

206 4097 230 4163 ⁵)
257 4102 417 4167 Pomponius
435 4089 752 4168 Dig.to,1s,u‘ss,u=
772 4115 816 4150 nec
835 4105 929 4149 mmm
946 4097 976 4149 bi
993 4100 1038 4164 qui
1055 4100 1082 4148 in
1102 4096 1195 4166 oppido
1214 4104 1345 4148 murentur
1362 4097 1460 4147 incolae

123 4191 173 4243 sed
196 4194 271 4243 etima
294 4195 339 4261 qui
360 4193 470 4245 alicuius
492 4193 583 4262 oppidi
597 4191 693 4259 finibus
712 4193 751 4242 ita
770 4189 979 4258 emundaberis,
1006 4192 1076 4242 utin
1094 4207 1148 4243 eum
1166 4207 1192 4242 se
1211 4192 1286 4258 quusi
1302 4190 1329 4240 in
1348 4189 1461 4257 aliquam

123 4284 209 4335 sedem
226 4301 296 4336 mum
313 4287 447 4354 recipiunt.

205 4401 230 4465 ⁸)
256 4404 418 4455 Modestinus
441 4403 620 4470 Dig.50,1‚
641 4403 689 4454 ³5:
716 4399 809 4453 uidisse
833 4390 887 4473 xpri
912 4386 950 4451 dre
976 4393 990 4451 ri
1016 4399 1040 4452 is
1063 4395 1130 4470 α’γρῷ
1155 4395 1293 4470 serapium
1312 4388 1413 4458 imibuc
1433 4392 1460 4449 od

125 4490 264 4565 νομίζεται.
944 4475 946 4496 ⁸
1522 4491 1523 4496 ’

205 4609 229 4677 ¹)
257 4616 419 4666 Modestinus
432 4617 450 4666 l.
464 4632 500 4666 c.:
522 4605 535 4663 ὅ
553 4603 601 4682 peip
621 4606 711 4676 luriunt
728 4610 771 4677 τῆς
789 4600 887 4671 triluce
906 4608 1043 4681 ἔξαιρίτοις
1062 4599 1095 4682 pri
1114 4600 1244 4682 χρώμενος
1262 4596 1336 4668 οὕτως
1350 4602 1378 4659 ci
1391 4603 1460 4678 ropi-

122 4705 198 4772 ζιται
217 4695 326 4764 lusibus.
356 4709 483 4772 Ulpianus
497 4706 541 4768 50,
558 4708 582 4768 l,
597 4707 641 4768 29,
658 4707 686 4756 l:
706 4706 730 4755 si
749 4706 804 4771 ques
821 4706 924 4771 nepotis
942 4721 989 4754 suu
1007 4721 1056 4754 nun
1074 4705 1101 4754 iu
1120 4703 1221 4754 colonio
1240 4703 1277 4764 (id
1290 4709 1329 4753 est
1341 4704 1368 4753 in
1381 4703 1459 4764 rure),

123 4797 173 4848 sed
191 4799 218 4848 in
235 4801 370 4867 municipio
389 4815 484 4867 semper
503 4801 566 4866 opit,
586 4798 677 4848 inille
696 4796 782 4847 uendit
799 4798 858 4847 emit
875 4795 1009 4860 contradit,
1029 4797 1056 4846 in
1074 4813 1102 4847 eo
1114 4795 1178 4860 soro
1198 4793 1296 4845 balineo
1309 4793 1461 4862 speciumlie

122 4891 220 4952 utitur,
246 4889 284 4940 ibi
298 4891 383 4956 festos
406 4891 462 4942 dies
485 4889 606 4952 celebrat,
634 4888 745 4941 omnibus
764 4889 870 4956 denique
887 4890 1019 4957 municipii
1036 4886 1183 4951 commodis,
1208 4887 1288 4936 nullis
1306 4886 1460 4937 coloniorum

113 4982 231 5050 fruitur,
249 4982 380 5056 [uidetur]
397 4983 436 5033 ibi
452 4985 535 5050 mapis
553 4981 644 5034 dudem
663 4981 815 5033 domicilium
835 4999 908 5048 quom
925 4980 971 5031 udi
987 4979 1088 5031 colendi
1107 4997 1186 5032 causo
1204 4979 1358 5030 deversatur.

203 5098 229 5166 ⁸)
257 5063 355 5153 liudrin
373 5119 430 5170 cop.
448 5118 479 5154 en
503 5100 605 5152 Tunisie
623 5104 649 5165 2,
665 5101 709 5152 59.

203 5217 230 5283 'l
259 5219 340 5272 Orelli
356 5221 418 5272 110.
432 5221 512 5272 3706.
