3524 5828
574 593 650 643 unx
668 591 750 647 oon.
770 591 999 644 osusrrvsu.
1379 576 1449 645 107

113 767 317 844 longitudinis
336 767 471 844 aequaIIs
494 766 534 824 sit
555 775 644 842 atque
659 767 767 842 prima,
788 766 906 825 videtur
920 765 1023 826 itidem
1038 767 1126 824 tertia
1138 767 1200 824 sere
1215 767 1278 826 eius
1294 785 1364 844 pars
1380 775 1452 826 tem·

116 889 193 946 pore
215 870 327 929 recenti
348 869 467 928 demum
486 869 515 927 vi
538 869 644 927 avulsa
666 887 748 940 esse3
770 868 840 926 inde
862 869 939 927 hanc
960 878 1072 945 partem
1096 889 1155 928 una
1177 888 1241 928 cum
1264 869 1388 945 reliquis
1407 889 1453 926 re-

117 987 235 1048 pertam
259 990 327 1031 esse
349 973 402 1030 scd
423 971 514 1030 celari
537 971 686 1030 conclusit
707 969 858 1048 Barlanga
879 970 1087 1048 probabiliter,
1110 980 1141 1030 ut
1163 990 1255 1048 supra
1277 971 1349 1030 dlxi,
1391 971 1453 1029 Ta-

116 1075 210 1133 bulae
229 1075 321 1152 Igitur
342 1092 446 1133 omnes
469 1074 601 1134 eiusdem
622 1073 684 1134 lere
706 1071 796 1132 etiam
821 1072 1017 1150 longitudinis
1038 1073 1176 1132 videntur
1196 1071 1305 1144 fuisse,
1333 1081 1366 1132 ut
1388 1073 1452 1131 alti-

118 1177 222 1235 tudine
249 1187 318 1235 sunt
344 1177 495 1254 aequales.
538 1177 643 1252 Margo
673 1195 739 1234 cum
767 1175 962 1236 foraminibus
985 1177 1135 1253 utrimque
1156 1177 1227 1234 olim
1250 1176 1452 1234 circumdatus

118 1289 211 1337 etex
233 1289 317 1357 parte
340 1289 477 1338 servatus
501 1277 587 1336 docet
608 1296 660 1338 eas
684 1279 793 1336 affixas
813 1278 908 1337 fnisse
930 1279 1036 1356 parieti
1059 1279 1149 1337 alloni
1164 1279 1207 1336 ita
1221 1279 1285 1337 sine
1300 1278 1399 1349 dubio,
1421 1287 1454 1336 ut

117 1383 155 1439 de
172 1382 263 1458 phac
284 1392 359 1441 recte
380 1383 436 1458 lapi
457 1391 596 1457 possent3
618 1381 700 1457 quod
722 1388 824 1439 notum
847 1389 894 1439 est
915 1381 1024 1456 ubique
1047 1381 1237 1440 observatum
1260 1398 1327 1439 csse
1341 1381 1372 1439 in
1388 1381 1453 1438 eius
1488 1407 1492 1420 ·

119 1484 202 1542 modi
224 1483 331 1542 tabulis
352 1485 515 1560 inscriptio,
538 1502 616 1559 quae
637 1484 757 1558 publice
779 1483 953 1560 propositae
969 1492 1061 1542 erant
1095 1483 1230 1542 Tabulae
1245 1483 1334 1559 igitur
1349 1501 1453 1541 omnes

119 1594 235 1644 textum
257 1587 396 1646 videntur
417 1587 599 1644 continuisse
621 1586 651 1644 in
672 1585 790 1662 paginis
806 1585 870 1643 slve
886 1586 1031 1644 columnis
1047 1587 1179 1663 quinque
1194 1586 1280 1644 iuxta
1296 1585 1453 1644 collocatis

118 1689 334 1766 perscriptum
362 1699 394 1747 ut
415 1691 505 1746 etiam
528 1689 558 1746 in
582 1689 792 1763 antiquIssima
814 1688 995 1748 voluminum
1018 1689 1167 1763 scriptura
1187 1687 1251 1746 ficri
1273 1697 1374 1746 uotum
1398 1697 1452 1746 est.

117 1791 225 1849 Prima
250 1791 437 1868 singulorum
464 1791 594 1868 capitum
615 1790 762 1848 vocabula
783 1808 900 1848 versum
927 1790 1085 1866 incipiunt,
1111 1791 1154 1849 ita
1180 1800 1212 1848 ut
1232 1789 1334 1866 paullo
1356 1790 1453 1865 magis

118 1893 150 1951 in
172 1894 337 1969 marginem
351 1902 527 1965 excurrant,
551 1893 597 1950 his
614 1892 812 1952 subscribitur
826 1893 934 1970 capitis
950 1910 1103 1974 numerum
1126 1892 1260 1950 rubricae.
1274 1893 1373 1950 littera
1388 1891 1452 1967 (lb)

118 2012 269 2070 nusquam
295 1995 411 2055 adiecta
437 2003 491 2054 est.
537 1992 612 2054 Cum
640 1995 794 2070 supersint
820 1995 919 2072 capita
940 1992 1014 2054 XCI
1038 1995 1075 2050 ad
1097 1992 1170 2053 CVI
1195 1995 1225 2051 in
1248 1994 1358 2052 tabulis
1380 1994 1453 2052 dua·

116 2099 177 2156 bus
206 2098 358 2173 prioribus
386 2105 416 2155 et
444 2095 544 2174 capita
573 2095 714 2156 CXXIII
742 2097 780 2155 ad
807 2095 975 2156 CXXXIV
1002 2098 1032 2154 in
1059 2097 1162 2168 tertia,
1191 2096 1454 2171 Interciderintque

116 2199 220 2275 capita
238 2198 369 2272 I—XO,
393 2197 657 2272 CVII-CXXII,
680 2197 835 2258 CXXXV
856 2207 886 2256 et
908 2197 1073 2274 sequentia,
1099 2197 1251 2270 probabile
1273 2205 1319 2257 est
1339 2199 1370 2256 in
1393 2217 1454 2256 una

116 2319 240 2378 quaque
265 2302 368 2361 tabula
395 2302 563 2379 perscripta
589 2302 685 2360 fulsse
712 2302 813 2382 capita
837 2301 955 2359 circiter
976 2300 1037 2358 XV
1059 2301 1098 2358 ad
1118 2300 1197 2358 XVI
1223 2299 1254 2358 in
1280 2301 1379 2377 quinis
1405 2319 1453 2358 co·

114 2403 242 2476 lamnis,
264 2413 298 2461 ut
319 2413 399 2462 recte
421 2404 564 2480 exposuit
584 2404 745 2481 Berlanga.
783 2401 870 2477 Quod
894 2403 919 2462 si
941 2403 983 2461 ita
1003 2401 1067 2472 luit,
1089 2402 1265 2461 iuterierunt
1285 2403 1346 2461 fere
1368 2402 1452 2460 tabu-

115 2507 166 2564 lae
189 2523 245 2564 sex
267 2507 393 2581 prioreS,
416 2515 535 2579 octavo,
558 2513 655 2565 nonae
676 2523 748 2584 pars
771 2506 872 2576 tertia3
902 2513 1038 2564 servatae
1062 2479 1132 2563 sunt
1153 2505 1281 2582 septima
1305 2515 1334 2563 et
1355 2522 1453 2563 nonae

118 2616 226 2684 partes
249 2607 324 2667 duae
346 2609 472 2685 priores.
515 2609 550 2666 In
573 2611 632 2668 fine
653 2627 712 2667 non
736 2608 861 2666 multum
885 2609 990 2667 deesse
1012 2607 1166 2684 probabile
1187 2619 1243 2666 cst.

203 2710 354 2786 Exempla
374 2710 567 2788 lithographa
588 2730 607 2768 a
621 2710 773 2787 Berlanga
793 2710 905 2769 utiliter
926 2710 1042 2769 adiecta
1062 2708 1188 2768 intuenti
1209 2711 1310 2768 statim
1332 2709 1453 2767 demon·

116 2822 218 2871 strant
239 2813 419 2890 scripturam
440 2813 530 2872 huius
551 2813 643 2890 legis,
669 2832 760 2890 quam
783 2831 810 2870 a.
828 2813 888 2871 710
910 2813 1000 2871 latam
1023 2830 1091 2870 esse
1112 2820 1242 2884 constat,
1265 2829 1389 2888 prorsus
1411 2812 1453 2870 di·

118 2933 240 2974 versam
267 2933 335 2973 esse
362 2935 379 2973 a
402 2913 600 2974 Caesarianae
627 2916 733 2974 aetatis
759 2915 942 2986 litteratura,
969 2933 1060 2991 quam
1084 2915 1184 2991 qualis
1206 2915 1296 2974 suerit
1316 2915 1453 2974 norimus

115 3037 158 3078 ex
180 3018 257 3093 legIs
281 3017 377 3076 Iuliae
399 3017 587 3093 muntcipalis
610 3037 637 3075 a.
653 3011 884 3102 1001011οι00,Ι
904 3035 980 3092 quas
1002 3017 1161 3077 Ritscbelii
1177 3017 1211 3076 P.
1227 3017 1263 3076 L.
1279 3018 1319 3076 M.
1342 3017 1452 3076 tabulis

114 3120 265 3182 XXXIII
284 3129 315 3178 st
335 3119 476 3178 XXXIV
499 3120 651 3180 exhibent.
695 3117 817 3178 Scilicet
843 3119 913 3178 illac
938 3120 1053 3178 litteras
1074 3121 1185 3179 babent
1205 3107 1323 3179 crassas
1345 3120 1452 3178 breves

118 3223 303 3299 quadratas,
331 3230 399 3280 set
419 3240 445 3280 ro
470 3223 661 3300 potissimum
687 3221 801 3280 formae
828 3221 946 3280 aliunde
973 3231 1062 3281 notas
1089 3223 1283 3300 antiquioris,
1311 3237 1333 3280 0
1362 3240 1453 3299 saepe

101 3325 245 3400 ‘reIanis
268 3325 428 3396 minorem,
454 3324 576 3383 omnino
599 3324 776 3401 scripturam
799 3323 964 3400 simplicem
986 3331 1016 3382 et
1036 3325 1126 3384 rectis
1149 3333 1262 3383 tantum
1284 3324 1370 3383 lineis
1393 3323 1453 3382 alte

114 3426 226 3486 incisis
252 3425 425 3498 formatam,
454 3427 589 3518 apicibus
619 3415 708 3486 nullis
737 3426 903 3484 litterarum
929 3427 1114 3504 singularum
1143 3424 1252 3502 (veluti
1278 3427 1309 3484 in
1335 3445 1355 3484 Α
1383 3444 1409 3484 ru
1436 3441 1453 3483 s

114 3539 146 3587 et
169 3528 336 3605 similibus)
358 3548 413 3586 nec
435 3530 530 3605 magis
552 3528 614 3586 ulla
635 3528 716 3586 linea
735 3534 827 3599 recto,
849 3527 940 3586 veluti
963 3529 993 3586 in
1016 3543 1080 3599 Qu
1102 3527 1131 3598 ii,
1152 3528 1183 3586 in
1205 3547 1327 3590 curvam
1342 3528 1451 3586 lineam

114 3629 248 3689 deflexa.
299 3633 340 3688 At
372 3632 402 3692 in
436 3631 547 3689 tabulis
576 3630 803 3691 Ursonensibus
832 3629 943 3688 indicia
971 3631 1044 3690 baec
1072 3629 1138 3688 aevi
1166 3630 1315 3706 sequioris
1345 3630 1454 3690 adsunt
1533 3695 1536 3702 ,

113 3732 235 3802 omnia,
262 3739 350 3808 atque
377 3734 407 3790 iu
430 3733 568 3792 omnibus
591 3732 802 3810 aequabiliter3
830 3751 1011 3809 quamquam
1033 3732 1151 3791 tabulae
1173 3733 1279 3792 tertiae
1306 3733 1454 3808 scriptura
1555 3781 1556 3784 ,

113 3835 303 3910 reliquarum
329 3835 426 3893 minor
452 3845 482 3893 et
508 3836 604 3912 magis
631 3852 805 3911 compressa
830 3836 908 3894 alius
934 3834 1072 3894 incitoris
1098 3854 1218 3894 manum
1245 3854 1316 3911 prae
1343 3853 1375 3893 se
1396 3835 1455 3893 fert

114 3946 210 4011 atque
238 3937 352 4014 prImae
379 3946 409 3994 et
436 3937 598 4008 secundae,
630 3955 706 4014 quae
735 3957 795 3996 una
821 3937 887 3996 suit.
939 3935 1088 3996 Convenit
1116 3945 1214 3996 autem
1244 3937 1280 3996 ad
1309 3938 1452 3996 amussim

112 4041 193 4096 haec
215 4037 397 4109 litteratura,
423 4056 499 4115 quae
521 4039 668 4098 elementa
689 4040 810 4097 exhibet
832 4040 933 4099 tenuia
954 4039 1017 4098 alta
1037 4039 1242 4115 longiuscula,
1264 4039 1401 4115 apicibus
1424 4049 1454 4098 et

114 4140 342 4200 curvationibus
371 4150 491 4210 ornata,
521 4161 588 4200 cum
617 4143 716 4218 legum
744 4141 918 4202 Flaviarum
946 4141 1110 4219 scriptura,
1139 4141 1258 4219 qualern
1287 4141 1453 4218 Berlaugae

113 4243 265 4326 imagines
293 4243 398 4302 eodem
425 4252 512 4319 atque
539 4244 702 4321 archetypa
724 4244 846 4304 modulo
864 4245 1015 4321 lapidibus
1039 4244 1152 4302 incisae
1174 4253 1350 4303 monstrant.
1393 4243 1453 4302 Ita-

111 4327 282 4423 que*quod
310 4352 341 4404 et
367 4364 405 4403 ex
429 4345 518 4404 rebus
542 4356 571 4404 et
593 4365 631 4404 ex
653 4349 790 4406 sermone
813 4347 1016 4407 Mommseuus
1037 4345 1116 4404 infra
1137 4341 1354 4405 demonstravit
1374 4363 1454 4404 com·

110 4449 262 4529 probatur
283 4448 356 4506 item
378 4446 475 4506 forma
495 4447 670 4521 litterarum,
693 4449 807 4508 scilicet
828 4450 945 4525 publice
966 4448 1152 4527 propositam
1174 4465 1240 4508 esse
1261 4449 1339 4508 hanc
1356 4447 1452 4527 legem
1473 4467 1474 4470 ¹

110 4552 222 4612 Iuliam
246 4569 306 4609 non
330 4568 367 4608 eo
389 4567 449 4625 quo
471 4550 533 4608 lata
554 4558 599 4610 est
620 4559 764 4629 tempore,
787 4551 839 4610 sed
862 4551 982 4611 saeculo
1004 4550 1065 4610 fere
1087 4551 1185 4627 primo
1207 4559 1344 4610 exeunte.

1155 4690 1239 4748 Asu.
1262 4686 1409 4748 anuun.
