3540 5828
583 525 659 575 nux
677 524 758 574 con.
780 523 1010 575 cunsurvau.
1392 505 1461 574 129

128 717 218 774 nare,
245 717 318 759 cura
341 699 492 770 fanorum,
519 698 636 759 scilicet
657 697 870 758 sacrificiorum
898 697 1099 776 pulvinarium
1120 699 1256 758 ludorum
1278 699 1463 771 circensium,

128 804 248 864 Romae
276 803 314 861 ad
340 820 427 879 quem
454 801 574 880 proprie
602 801 751 880 spectarit.
795 801 1025 878 Magistratuum
1047 819 1083 860 ca
1104 820 1164 860 uon
1185 801 1256 873 luit3
1284 820 1353 860 nam
1377 819 1465 861 sacra

128 906 153 965 ii
176 925 236 966 non
257 905 371 965 iaciunt
392 903 451 964 nisi
472 913 562 981 prout
583 923 632 963 res
655 902 759 962 incidit
779 911 889 962 certam
912 904 951 962 ob
973 922 1108 975 causam,
1130 913 1160 964 et
1180 923 1218 963 ne
1238 903 1325 963 ludos
1344 904 1462 980 quidem

129 1009 226 1068 edunt
250 1007 311 1068 nisi
332 1007 449 1066 votivos
477 1014 508 1066 et
532 1025 552 1064 a
577 1025 650 1065 curn
674 1005 810 1065 fanorum
838 1005 959 1066 omuino
982 1007 1111 1078 alienos3
1138 1013 1243 1066 contra
1264 1006 1464 1083 antiquissimi

129 1111 243 1190 quique
269 1110 332 1170 ludi
361 1118 391 1168 et
416 1129 455 1169 ex
481 1111 551 1188 ipsa
576 1129 609 1168 re
636 1126 723 1168 sacra
749 1108 881 1179 ouandi,
910 1115 943 1167 ut
969 1106 1134 1168 Consualia
1160 1118 1190 1167 et
1214 1108 1371 1184 Equirria,
1402 1128 1463 1167 non

129 1214 210 1273 finnt
236 1231 255 1270 a
281 1213 459 1290 magistratu
479 1211 552 1270 ullo.
596 1210 729 1272 Omnino
756 1212 863 1288 siqua
891 1228 977 1270 sacra
1003 1219 1082 1270 stata
1103 1230 1202 1270 annua
1223 1211 1323 1289 paullo
1345 1211 1463 1289 plenius

130 1315 256 1396 cognita
280 1315 440 1386 habemns,
466 1313 627 1392 collegium
654 1313 778 1390 aliquod
803 1313 952 1373 invenitur
978 1331 1081 1372 eorum
1107 1333 1208 1373 curam
1235 1333 1352 1392 gerere,
1379 1333 1464 1374 sacra

130 1419 231 1479 lacere
252 1417 401 1495 ludosque
423 1403 521 1476 edere.
557 1417 605 1474 Ita
627 1413 792 1475 Consualia
813 1416 867 1474 ille
888 1400 978 1475 edunt
998 1415 1190 1493 pontifices1)
1197 1437 1206 1487 ;
1227 1417 1270 1475 ita
1291 1417 1364 1476 deae
1386 1416 1464 1476 Diae

129 1521 347 1582 sncmficiornm
375 1520 572 1596 ludorumque
599 1537 699 1579 curam
726 1518 787 1596 agit
813 1518 969 1596 collegium
995 1518 1120 1579 fratrum
1143 1519 1299 1579 Arvalium
1325 1520 1464 1597 praeside

131 1623 293 1702 magistr03
326 1624 370 1682 ita
400 1641 467 1681 cum
498 1621 587 1680 aedes
615 1621 753 1681 Mercurii
783 1620 861 1680 facta
890 1628 950 1694 cst,
982 1632 1104 1699 propter
1132 1640 1210 1680 nova
1238 1639 1325 1682 sacra
1352 1641 1463 1681 merca·

130 1735 268 1785 catorum
297 1726 362 1785 sivo
389 1724 616 1804 Mercurialium
638 1724 798 1802 collegium
826 1725 881 1782 sub
905 1724 1062 1801 magistris
1089 1724 1257 1784 institutum
1287 1723 1388 1800 est²);
1421 1725 1465 1784 ita

128 1828 194 1887 ludi
222 1825 385 1906 Capitolini
413 1827 489 1886 fiunt
516 1827 643 1904 collegio
671 1827 709 1886 ad
736 1827 836 1903 ipsum
862 1827 1025 1886 constituto
1051 1845 1089 1885 ex
1116 1825 1227 1885 vicinia
1251 1827 1464 1907 magistrorum

130 1929 374 2006 Capitolinorum
384 1929 423 2007 ³).
461 1928 547 1990 Haec
568 1929 695 2007 collegia
717 1937 786 1988 sunt
807 1928 865 2007 ipsi
887 1928 932 1987 illi
955 1929 1090 2008 magistri
1110 1928 1248 1988 fanorum
1262 1929 1340 2007 legis
1355 1930 1463 2004 luliae;

128 2053 202 2094 nam
225 2033 314 2092 etiam
335 2033 365 2091 in
384 2032 474 2090 titulo
490 2029 644 2110 Campano
666 2052 693 2090 a.
709 2053 737 2092 u.
753 2051 778 2091 c.
795 2030 855 2090 660
878 2031 980 2108 (vol.I
1001 2051 1029 2090 n.
1047 2031 1123 2108 571)
1145 2038 1192 2090 cst
1213 2033 1370 2110 conlegium
1391 2037 1465 2092 acics

127 2140 280 2214 magistet
299 2135 379 2194 Icuei
399 2138 552 2212 cornpapci.
595 2135 709 2194 Verum
736 2141 783 2194 est
804 2134 933 2194 similem
954 2133 1171 2196 ordinationem
1192 2153 1297 2211 parum
1314 2154 1464 2214 ,apparere

126 2240 164 2299 in
190 2238 248 2298 diis
273 2237 446 2314 deabusque
473 2237 512 2297 iis
540 2237 591 2313 qni
617 2236 754 2297 coluntur
780 2255 834 2315 per
860 2237 1011 2309 flamines;
1039 2238 1095 2297 sed
1115 2237 1282 2297 accuratius
1302 2236 1464 2313 inquirenti
1542 2251 1547 2260 ’

127 2342 183 2400 hic
203 2358 323 2418 quoquc
344 2357 411 2400 sese
432 2338 529 2398 offert.
567 2337 689 2400 Scilicet
710 2349 743 2398 nt
764 2339 836 2398 deae
852 2337 930 2398 Diae
952 2359 1039 2400 sacra
1059 2357 1112 2416 per
1131 2339 1290 2417 collegium
1307 2339 1462 2399 Arvalium

126 2447 176 2504 ita
201 2443 289 2514 liunt,
317 2451 350 2501 ut
373 2443 534 2518 quotannis
563 2443 705 2518 magister
732 2450 761 2499 et
782 2443 890 2500 flamen
913 2461 952 2501 ex
974 2461 1010 2501 eo
1033 2441 1157 2519 collegio
1179 2452 1330 2516 creentur,
1357 2442 1400 2502 ite
1421 2443 1464 2502 dii

127 2546 263 2605 maiores
289 2553 366 2636 tqes,
393 2545 524 2603 minores
546 2544 702 2604 duodecim
724 2563 778 2620 per
797 2545 953 2622 pontifices
974 2545 1167 2621 flaminesque
1188 2545 1231 2603 ita
1252 2546 1405 2618 coluntur,
1431 2555 1476 2605 ut-

127 2647 268 2726 magistri
289 2646 390 2704 locum
410 2656 556 2726 perpetuo
579 2654 678 2706 teneat
698 2647 834 2722 pontifex
856 2648 1006 2706 maximus
1029 2647 1127 2722 (cuius
1143 2649 1224 2707 vices
1240 2649 1290 2725 qui
1308 2647 1379 2707 facit
1395 2667 1462 2707 cum

128 2769 191 2827 pro
213 2749 356 2826 magistro
377 2749 559 2825 appelletur,
585 2749 651 2826 ipse
672 2751 814 2826 magister
836 2749 875 2810 sit
897 2767 1020 2808 necesse
1042 2748 1118 2826 est),
1140 2750 1269 2826 singulis
1290 2757 1389 2809 autem
1410 2750 1463 2809 lla·

127 2853 230 2911 mines
249 2852 384 2929 perpetui
408 2852 543 2912 attributi
566 2851 635 2922 sint,
657 2869 784 2927 quornm
806 2851 934 2910 maiores
956 2861 1069 2910 certum
1085 2860 1132 2910 cst
1146 2852 1273 2930 collegio
1287 2852 1462 2931 pontificum
1510 2835 1513 2844 “

127 2953 358 3032 comprehendi,
387 2954 517 3012 minores
540 2953 703 3030 probabile.
748 2952 809 3016 Sed
830 2954 905 3012 haec
926 2967 1062 3013 accurate
1083 2963 1114 3013 et
1134 2954 1222 3030 plene
1243 2973 1382 3014 enarrare
1403 2972 1461 3014 non

126 3056 223 3116 huius
244 3055 301 3114 loci
323 3066 383 3126 est;
407 3055 518 3114 sufficit
539 3056 643 3131 primis
665 3055 752 3115 lineis
773 3075 836 3115 rem
860 3057 1095 3116 adumbravisse.
1136 3054 1257 3117 Scilicet
1277 3057 1393 3136 origine
1413 3063 1462 3116 r'es

128 3175 220 3218 sacra
245 3158 289 3217 ita
315 3157 453 3216 ordinata
481 3157 599 3217 videtur
626 3175 708 3230 esse,
737 3166 770 3217 ut
794 3158 846 3234 qui
870 3159 961 3217 rebus
988 3167 1164 3237 praeessent
1189 3176 1274 3235 reges
1301 3169 1331 3218 et
1356 3159 1462 3218 deinde

127 3259 273 3320 consules
302 3259 430 3337 singulis
456 3259 576 3337 templis
603 3261 763 3337 quotannis
790 3268 901 3320 certum
928 3261 1081 3324 hominnm
1108 3280 1263 3321 numerum
1290 3282 1328 3321 ex
1356 3261 1464 3320 vicinia

127 3363 195 3421 scre
222 3362 402 3422 delectorum
431 3362 644 3433 attribuerent,
672 3364 723 3439 qui
752 3363 899 3422 sacrificia
925 3363 1073 3440 ludosque
1101 3371 1304 3441 procurarent.
1348 3363 1464 3422 Mature

127 3471 232 3524 antem
259 3463 388 3541 collegia
413 3465 486 3523 hacc
511 3464 555 3523 ita
576 3465 765 3540 potissimum
788 3465 951 3524 constituta
972 3476 1055 3540 sunt,
1082 3475 1115 3525 ut
1135 3467 1166 3524 in
1187 3467 1282 3524 vicem
1303 3467 1463 3526 creationis

127 3585 188 3644 per
209 3567 401 3644 magistratus
423 3566 584 3650 quotannis
606 3567 702 3627 lacme
726 3567 876 3644 cooptatio
899 3568 1081 3640 succederet,
1107 3569 1171 3628 sive
1192 3569 1236 3626 ita
1257 3578 1289 3627 ut
1309 3567 1408 3627 officio
1429 3587 1463 3626 ec

127 3669 228 3730 functi
248 3669 467 3747 fungentesque
487 3670 648 3746 quotannis
671 3669 844 3747 adlegerent
868 3671 920 3747 qui
943 3689 1021 3729 auno
1043 3672 1183 3746 proximo
1203 3671 1235 3730 in
1257 3688 1344 3730 sunm
1366 3670 1463 3730 locum
1539 3699 1543 3710 r

129 3770 279 3844 subirent,
300 3780 335 3830 nt
355 3772 467 3832 iactum
489 3781 536 3831 est
557 3772 687 3832 sortasse
707 3773 739 3830 in
760 3772 987 3832 Mercurialibus
1010 3780 1040 3831 ct
1060 3770 1256 3851 Capitolinis,
1282 3773 1346 3831 eive
1368 3774 1409 3832 ita
1432 3782 1464 3831 nt

129 3853 306 3933 sacerdotes
325 3875 461 3952 perpetui
481 3875 587 3954 tierent
608 3893 644 3934 ca
664 3876 789 3948 ratione,
811 3894 888 3952 quae
909 3885 1016 3954 postca
1034 3876 1163 3935 obtinuit
1181 3877 1212 3935 iu
1230 3875 1420 3953 pontificibus
1434 3882 1465 3933 ct

132 4089 341 4100 u—-v——n

215 4239 238 4304 ¹)
266 4244 351 4293 Varro
371 4241 396 4303 6,
411 4242 446 4291 20
470 4242 546 4314 ludos
566 4242 738 4292 Consualibus
757 4244 793 4292 ait
811 4244 868 4292 lieri
887 4257 903 4292 a
922 4243 1109 4303 sacerdotibus,
1135 4258 1186 4308 quo
1206 4244 1312 4310 nomine¹
1329 4245 1464 4326 pontifices

128 4335 274 4401 significari
297 4342 323 4384 et
342 4349 374 4384 ex
393 4335 450 4399 ipso
469 4334 589 4384 vocabuli
607 4351 654 4384 usn
673 4335 787 4400 seqnitur
806 4343 830 4385 et
849 4334 943 4386 collato
962 4336 1020 4385 loco
1040 4336 1194 4402 Tertulliani
1214 4335 1246 4384 de
1265 4343 1343 4401 spect.
1359 4336 1383 4386 5.
1422 4335 1464 4387 Οἱ.

131 4425 405 4493 Marquardt‘enchir.
419 4428 444 4488 4,
460 4428 512 4477 tus
533 4441 558 4476 n.
575 4427 654 4478 1747.

211 4542 236 4607 ²)
262 4546 319 4596 Lir.
334 4547 360 4606 2,
375 4545 424 4594 38:
444 4545 498 4594 utri
515 4560 600 4595 corum
614 4545 770 4610 (consulum)
790 4543 916 4597 dedicatio
935 4547 1005 4596 incra
1019 4544 1111 4614 populi
1122 4543 1185 4596 dara
1197 4553 1267 4608 ercet,
1287 4561 1340 4596 eum
1402 4561 1464 4598 mer·

129 4645 248 4690 catorum
265 4636 397 4703 collegium
415 4637 551 4687 instituere.
579 4639 611 4688 In
631 4637 705 4688 titulo
718 4639 834 4689 Henzcni
853 4655 879 4690 n.
894 4640 966 4690 6010
984 4641 1112 4704 reperitur
1128 4655 1194 4706 may.
1210 4639 1299 4706 colleg.
1313 4635 1464 4689 Mercuricl.

130 4731 175 4783 Gi.
196 4730 276 4780 vol.1
293 4746 319 4795 p.
334 4729 396 4780 206.

212 4845 237 4910 l)
264 4848 321 4898 Liv.
341 4847 371 4909 5,
387 4849 435 4897 0οι
463 4845 518 4898 ludi
538 4844 678 4916 Capitolini
693 4847 784 4916 fierent
803 4847 924 4914 (propter
943 4848 1100 4913 Capitolium
1118 4865 1134 4900 a
1153 4849 1240 4902 Gallia
1259 4851 1402 4914 defensum)

129 4939 314 5006 collegiumque
337 4937 374 4988 nd
397 4955 450 4990 ema
476 4956 526 4990 rem
545 4938 582 4990 Μ.
601 4937 699 4991 Furius
722 4939 832 4991 dictator
855 4942 1013 4992 connitneret
1035 4957 1066 4992 en
1084 4944 1118 4992 iis
1137 4944 1224 5010 quiin
1247 4941 1466 5011 Capitoliumque

130 5034 160 5082 in
186 5047 245 5082 arce
268 5028 419 5082 dubitarent.
457 5033 488 5083 In
508 5033 589 5083 titulis
607 5033 725 5084 Henneni
743 5050 769 5085 n.
784 5035 856 5084 6010
876 5041 902 5083 et
920 5035 999 5085 vol.I
1018 5051 1044 5085 u.
1060 5036 1111 5086 606
1132 5043 1171 5085 cst
1193 5051 1259 5102 mag.
1278 5035 1366 5102 tolleq'.
1390 5034 1465 5104 Capi·

131 5123 237 5174 tolinor.
257 5124 310 5173 sive
329 5140 394 5191 mog.
417 5121 560 5192 Capitol}
589 5124 630 5177 ct
649 5127 728 5177 vol.1
747 5143 772 5192 p.
787 5127 839 5177 206
860 5141 975 5192 quaeque
994 5128 1026 5177 de
1046 5129 1161 5194 collegiis
1179 5119 1312 5180 sacrorum
1331 5143 1408 5180 causa
1426 5131 1465 5180 in·

131 5215 232 5267 atitntia
252 5215 385 5282 diligenter
403 5219 524 5283 exposuit
541 5203 744 5283 llurqnardtius¹
754 5221 781 5271 in
801 5219 898 5270 enchir.
913 5221 939 5283 4,
956 5220 1006 5271 147
1014 5236 1051 5286 sq.
1400 5217 1405 5228 ’
