3540 5828
313 444 383 514 146
741 465 1049 515 abominaremur
1067 463 1152 514 von.
1172 463 1201 513 11

308 639 406 713 Quam
434 640 555 698 obrem
578 657 643 698 cum
666 639 798 698 universi
820 639 892 709 loci,
919 639 955 698 de
977 638 1085 715 quibus
1106 639 1156 696 hic
1177 637 1284 714 agitur,
1312 638 1343 696 in
1365 637 1496 696 tabulam
1518 638 1638 696 tertiam

306 741 441 800 incidant
461 743 591 818 pessime
612 741 835 819 interpolatam,
864 741 942 800 baud
964 743 1027 800 scio
1050 761 1087 799 an
1110 740 1216 799 aedilis
1238 757 1357 816 quoque
1379 740 1457 798 male
1479 740 1523 798 eis
1545 741 1638 798 intru-

307 861 360 901 sus
383 845 432 903 sit.
476 843 566 919 Quod
587 852 710 902 caretur
732 846 766 916 li,
782 843 820 902 29
844 846 880 903 de
902 843 1002 902 IIviro
1024 843 1113 902 aedili
1136 842 1285 918 praefecto
1306 841 1394 900 ludos
1417 843 1571 902 scaenicos
1593 843 1638 900 fa-

306 945 410 1018 ciente,
437 965 616 1022 quamquam
638 966 693 1023 per
714 965 747 1005 se
769 947 889 1005 minime
912 959 1092 1025 suspectum,
1116 964 1155 1003 ex
1177 945 1320 1003 societate
1341 951 1372 1002 et
1393 944 1492 1022 ipsum
1515 944 1637 1004 dubium

306 1049 349 1121 fit,
371 1068 438 1106 cum
460 1049 492 1107 in
515 1049 619 1107 tabula
641 1049 729 1107 tertia
751 1051 929 1126 ubicumque
950 1049 1144 1128 magistratus
1166 1048 1371 1120 nominantur,
1398 1048 1456 1105 tria
1476 1047 1530 1107 illa
1549 1067 1638 1106 voca-

242 1179 245 1185 ·
305 1151 377 1210 bula
399 1153 564 1230 composita
585 1152 782 1211 inveniantur.

169 1267 289 1316 Praetee-
391 1255 556 1328 Praefectus
577 1254 692 1332 passim
714 1255 903 1334 subiungitur
924 1255 1080 1314 duuvaro
1103 1252 1212 1330 (1‚20.
1230 1253 1277 1312 28.
1295 1255 1344 1312 33.
1368 1252 1401 1326 2,
1418 1253 1466 1311 20.
1483 1252 1532 1311 30.
1556 1253 1590 1325 3,
1607 1253 1636 1311 3.

181 1349 220 1389 ‘¹¹⁵
233 1357 280 1427 ‚1³¹⁰
309 1357 344 1427 5,
360 1356 388 1413 2.
413 1357 441 1426 6,
457 1355 506 1413 27.
524 1357 572 1416 29.
590 1357 638 1415 46.
663 1357 691 1428 7,
709 1356 757 1416 12.
774 1357 822 1415 30.
839 1357 888 1414 32.
905 1355 954 1416 38.
970 1358 1020 1416 39.
1037 1358 1086 1416 51.
1102 1355 1152 1414 52.
1176 1356 1205 1428 8,
1224 1355 1269 1412 13.
1288 1355 1337 1414 33.
1354 1355 1422 1432 39),
1445 1354 1531 1413 cuius
1554 1355 1637 1414 vices

188 1417 272 1464 Hm
306 1459 376 1517 lacit
397 1466 541 1536 perpetuo
562 1478 645 1518 more
668 1459 767 1518 solito.
804 1458 874 1518 Uno
894 1459 961 1518 loco
983 1459 1046 1531 3,7
1070 1458 1123 1535 (cf.
1146 1459 1175 1530 5,
1192 1455 1224 1533 2)
1246 1478 1301 1535 pro
1323 1476 1359 1515 eo
1379 1457 1459 1534 quod
1480 1467 1527 1517 est
1548 1465 1638 1516 antea

304 1561 387 1619 IIcir
404 1563 603 1638 praefecturae
625 1561 765 1620 scribitur
779 1562 859 1620 IIm‘r
880 1565 962 1638 quius
982 1565 1042 1619 iuri
1062 1562 1184 1618 dicundo
1204 1563 1325 1637 promit,
1347 1560 1542 1636 similiterque
1559 1561 1637 1620 aoei-

305 1664 447 1740 piendum
469 1664 617 1740 estquod
640 1664 749 1740 legitur
771 1665 800 1734 3,
822 1665 875 1722 13:
902 1682 937 1722 ne
957 1666 1022 1740 quia
1044 1661 1126 1721 IIvir
1146 1681 1212 1720 neue
1233 1667 1296 1738 quia
1314 1683 1371 1740 pro
1389 1672 1529 1738 potestate
1549 1666 1580 1721 in
1603 1678 1638 1722 ea

304 1767 425 1824 colonia.
469 1766 522 1824 Bia
548 1765 602 1841 (1,
627 1765 675 1825 20.
699 1765 758 1842 28)
787 1766 907 1824 additur
933 1765 1116 1841 praefectum
1144 1764 1276 1841 intellegi
1305 1785 1372 1824 eum
1401 1783 1489 1841 quem
1513 1765 1591 1823 Ilvir
1620 1785 1637 1822 e

304 1869 370 1944 lege
401 1869 490 1928 huius
522 1869 658 1927 coloniae
684 1869 853 1944 reliquerit,
885 1868 1060 1943 videturque
1087 1868 1176 1926 etiam
1204 1867 1272 1926 alibi
1299 1875 1443 1945 perpetuo
1471 1866 1634 1944 significari

304 1969 473 2045 praefectus
500 1970 587 2028 IIviri
620 1972 753 2030 absentis
785 1971 909 2029 aliterve
937 1970 1083 2046 impediti.
1132 1971 1320 2030 Praefectum
1349 1979 1447 2028 autern
1474 1969 1635 2048 interregis

304 2071 370 2130 loco
399 2072 471 2130 haec
501 2073 550 2132 lex
580 2074 695 2132 nullum
723 2074 813 2133 norit.
836 2106 873 2115 -
902 2073 933 2132 Is
955 2073 1004 2148 qui
1028 2075 1150 2132 armatis
1171 2092 1190 2130 a
1210 2071 1307 2131 IIviro
1333 2072 1502 2150 praeficitur
1527 2072 1580 2149 (5,
1598 2072 1635 2149 6)

304 2174 443 2232 diversus
475 2175 515 2233 sit
543 2195 562 2232 a
590 2177 740 2252 praefecto
767 2176 820 2253 qui
846 2175 967 2253 proprie
993 2177 1036 2234 ita
1062 2175 1170 2234 dicitur
1196 2193 1316 2235 necesse
1343 2184 1398 2234 ost.
1445 2174 1635 2234 Praefectum

298 2277 392 2335 ,liviri
419 2297 485 2336 curn
511 2279 693 2354 praefectum
720 2279 888 2355 relinquere
914 2297 1006 2354 posse
1031 2278 1083 2336 lex
1110 2275 1296 2354 Salpensana
1321 2295 1347 2334 c.
1368 2275 1407 2336 25
1434 2287 1534 2353 neget,
1561 2277 1636 2336 baec

303 2380 355 2438 lex
381 2381 451 2438 item
477 2381 621 2456 praefecti
648 2382 772 2439 armatis
799 2380 948 2457 deligendi
970 2381 1018 2438 ius
1041 2381 1097 2438 soli
1119 2380 1242 2438 duoviro
1265 2378 1427 2438 concedere
1447 2378 1578 2451 uidetur,
1605 2379 1636 2437 id

305 2483 385 2559 quod
407 2482 552 2541 rationem
575 2485 686 2544 habere
708 2484 795 2562 periti
819 2502 878 2540 non
901 2484 1040 2560 ignorant
1050 2483 1087 2560 ¹).

388 2587 516 2644 Inter-rea
545 2586 638 2644 semel
665 2588 694 2658 7,
715 2586 755 2644 50
784 2587 981 2661 interponitur
1008 2587 1085 2646 inter
1111 2586 1238 2644 Ilvirum
1263 2585 1522 2663 praefectumque3
1552 2584 1635 2660 quod

284 2697 384 2746 ¹recte
410 2689 549 2746 convenit
575 2706 641 2745 cum
665 2690 701 2747 iis
723 2707 799 2765 quae
823 2689 911 2747 modo
934 2688 1065 2746 diximus
1089 2688 1125 2747 de
1148 2688 1296 2766 praefecto
1319 2687 1438 2758 relicto,
1465 2705 1521 2746 nee
1543 2661 1655 2765 prop·¹

305 2800 388 2849 terea
408 2792 489 2866 quod
511 2791 583 2848 baec
605 2793 696 2850 verba
719 2811 778 2850 non
800 2790 943 2850 Caesaris
966 2800 1043 2862 sunt,
1066 2792 1120 2849 sed
1141 2790 1362 2867 interpolatoris
1384 2790 1427 2865 (v.
1449 2808 1478 2865 p.
1497 2789 1581 2864 121),
1603 2791 1634 2848 in

306 2893 518 2951 dubitationem
541 2893 706 2952 vocandum
734 2903 788 2953 est.
833 2894 917 2952 Alibi
944 2911 1063 2970 quoque
1089 2902 1175 2952 extra
1195 2892 1312 2964 urbem,
1343 2892 1413 2950 licet
1433 2911 1516 2964 raro,
1542 2892 1634 2950 inter-

306 3013 391 3070 reges
413 2996 540 3054 inveniri
562 3004 666 3054 notum
688 2995 782 3072 estl).

174 3105 282 3155 Patroni
391 3096 438 3157 De
459 3107 620 3175 patronatu
641 3099 832 3176 hospitioque
854 3099 952 3156 bisin
974 3099 1041 3176 lege
1063 3099 1169 3175 agitur.
1205 3095 1299 3156 Caret
1319 3116 1356 3155 ea
1375 3097 1502 3173 primum
1524 3095 1555 3155 in
1570 3098 1633 3155 uni-

163 3179 423 3302 h⁰⁵P³t5⁸2versum
445 3219 469 3258 0.
486 3199 618 3274 XCVII,
641 3216 673 3259 ut
695 3220 731 3259 ne
753 3211 871 3279 praeter
893 3209 991 3261 certas
1013 3219 1158 3279 personas
1180 3210 1321 3276 exceptas
1340 3206 1483 3279 patronus
1497 3199 1565 3276 quis
1581 3201 1635 3259 fiat

162 3269 283 3377 (111),ῑὲἒο
304 3303 361 3362 nisi
389 3303 425 3360 de
452 3302 645 3363 decurionum
666 3305 802 3375 decreto,
829 3323 894 3361 cum
917 3323 977 3363 non
999 3305 1097 3364 minus
1119 3303 1146 3362 L
1168 3304 1307 3376 aderunt,
1334 3301 1440 3361 deiude
1461 3301 1633 3378 specialiter

303 3426 328 3465 c.
351 3403 481 3464 CXXX.
506 3403 660 3479 CXXXI,
688 3427 724 3464 ne
753 3407 820 3482 quis
847 3415 969 3465 senator
994 3407 1097 3485 populi
1120 3406 1245 3466 Romani
1271 3406 1455 3464 senatorisve
1477 3404 1557 3462 filius
1580 3425 1634 3482 pa·

303 3516 408 3567 tronus
431 3508 580 3584 hospesve
601 3507 654 3566 fiat
674 3510 734 3567 nisi
755 3518 786 3566 et
806 3509 939 3587 privatus
962 3510 1003 3568 sit
1023 3519 1053 3568 et
1074 3510 1105 3567 in
1126 3509 1213 3568 Italia
1233 3515 1319 3585 agat,
1345 3509 1416 3566 item
1438 3506 1632 3566 decurionum

303 3612 334 3669 in
362 3617 489 3688 patrono
517 3621 577 3669 tres
603 3621 720 3687 partos,
750 3611 780 3668 in
809 3611 927 3688 hospite
953 3613 1049 3670 maior
1075 3629 1146 3690 pars
1170 3611 1350 3670 adsentiant.
1393 3611 1498 3669 Poena
1519 3609 1633 3669 adscri-

303 3714 384 3772 bitur
411 3731 436 3772 0.
455 3711 577 3772 XCVII
600 3712 628 3770 V
649 3713 728 3783 mil,
758 3732 783 3771 0.
805 3711 927 3773 CXXX
953 3711 978 3774 C
1001 3715 1079 3787 mil,
1105 3733 1131 3773 c.
1152 3712 1286 3773 CXXXI
1310 3713 1342 3770 X
1362 3712 1423 3771 mil.
1451 3713 1632 3772 sestertium.

304 3814 413 3894 Capita
439 3817 514 3874 baec
546 3834 613 3874 oum
645 3816 741 3874 multa
773 3816 904 3874 habeant
938 3815 1025 3874 utilia
1057 3828 1087 3876 et
1118 3809 1214 3876 adbuc
1243 3834 1350 3892 parum
1382 3823 1467 3887 nota,
1499 3814 1633 3875 omnium

302 3920 434 3978 maxime
462 3919 519 3976 hoc
545 3918 734 3994 proficimus,
761 3917 841 3994 q'uod
867 3917 943 3976 inter
968 3901 1164 3996 patronatum
1182 3918 1319 3978 coloniae
1343 3926 1374 3976 et
1394 3917 1555 3996 hospitium
1577 3937 1633 3995 pu·

303 4020 413 4080 blioum
443 4019 644 4098 distinguitur.
689 4019 855 4080 Observavi
884 4020 981 4098 egoi)
1012 4021 1171 4098 aliqnando
1199 4021 1236 4080 de
1262 4020 1393 4097 hospitio
1422 4019 1574 4080 dlasereus
1603 4028 1633 4079 et

303 4131 494 4201 patronatum
525 4123 600 4182 iuris
625 4123 735 4199 privati
762 4142 941 4200 comparans
967 4142 1034 4183 cum
1061 4130 1218 4202 patronatu
1243 4123 1429 4182 coloniarum
1455 4123 1632 4201 municipio-

303 4245 439 4302 rumque,
467 4211 545 4284 hunc
571 4245 610 4284 ex
638 4226 889 4286 contaminatione
910 4227 1041 4303 quadarn
1061 4234 1236 4304 patronatus
1257 4227 1322 4284 veri
1345 4231 1375 4284 et
1395 4226 1520 4303 hospitii
1540 4227 1633 4306 origi-

303 4347 371 4386 nem
393 4329 524 4386 traxisse
546 4337 575 4387 et
596 4329 638 4387 ita
660 4328 796 4387 effectum
819 4348 901 4401 esse,
928 4337 976 4402 ut,
999 4348 1064 4389 oum
1087 4349 1153 4389 vere
1174 4339 1318 4405 patronus
1340 4331 1382 4388 rei
1405 4329 1540 4405 publicae
1563 4347 1631 4389 esse

303 4449 362 4490 non
384 4439 489 4507 posset
509 4431 568 4489 nisi
591 4450 667 4489 unus
691 4432 805 4508 origine
827 4440 857 4490 et
877 4432 1016 4510 deinceps
1038 4433 1148 4509 posteri
1170 4432 1250 4504 eius,
1268 4431 1382 4490 seilicet
1403 4433 1429 4492 is
1452 4432 1504 4509 qui
1526 4432 1630 4490 cirita-

303 4543 363 4592 tem
384 4533 415 4590 in
438 4533 525 4592 fidem
547 4535 718 4608 recepisset,
741 4535 875 4612 hospites
897 4543 995 4592 autem
1019 4541 1063 4592 tot
1084 4535 1145 4593 fieri
1159 4543 1285 4612 possent
1299 4541 1371 4610 quot
1384 4535 1515 4612 populus
1531 4535 1630 4607 vellet,

302 4636 359 4694 hoc
385 4637 474 4694 etiam
497 4636 534 4694 ad
556 4645 746 4714 patronatum
768 4637 993 4709 transferretur3
1021 4638 1091 4696 item
1114 4644 1301 4714 patronatum
1323 4637 1362 4695 ab
1384 4637 1516 4716 hospitio
1538 4637 1629 4697 etiam

379 4982 403 5046 ¹)
432 4981 589 5034 Stuotsreefrt
608 4987 632 5045 1,
649 4987 710 5034 171.

379 5074 666 5141 unnupma

379 5166 403 5230 ²)
430 5168 501 5219 Rem.
520 5166 627 5220 Forat.
650 5171 673 5232 1,
689 5169 751 5220 334.
766 5169 827 5220 358.
843 5169 904 5221 371.
