3540 5828
423 539 766 592 COMMENTATIONES
784 536 1059 589 EPIGRAPHICAE
1083 537 1186 589 ultus.
1398 516 1469 586 165

224 712 362 784 Fiorelli,
390 712 567 771 Monumeuti
591 713 699 772 antichi
721 712 871 788 posseduti
891 712 931 769 da
953 709 987 774 S.
1004 711 1041 769 A.
1057 712 1093 769 R.
1117 711 1140 769 il
1161 719 1239 769 conte
1265 710 1296 766 di
1319 708 1471 780 Siruouso,

140 825 198 872 tou.
213 814 277 886 ΙΙΙ,
296 834 328 891 p.
346 814 398 886 13,
425 833 515 891 quem
536 814 646 874 librum
668 814 856 873 rarissimum
878 833 926 872 me
947 822 1071 889 rogante
1094 810 1132 872 G.
1156 812 1193 872 de
1215 811 1308 870 Petra
1328 811 1474 888 inspexit,

139 917 274 989 Fiorelli,
296 916 379 976 Bell.
402 917 480 976 uret.
496 915 575 994 Nep.
598 937 644 975 uu.
666 937 689 975 e.
706 917 765 989 IV,
787 918 856 987 105,
882 916 962 974 uude
985 916 1123 988 Fodretti,
1147 914 1178 974 C.
1193 914 1220 972 I.
1241 913 1311 971 Ital.
1334 933 1363 972 u.
1381 913 1473 973 2762.

138 1019 278 1090 Eudemo,
301 1019 441 1078 Fonuml.
458 1021 486 1077 d
506 1018 574 1077 0⁸1⁶.
590 1017 659 1095 Spr.
674 1039 702 1076 n.
718 1017 788 1088 XL,
805 1019 833 1076 4.
866 1017 1086 1076 Tracteveruut
1100 1017 1271 1087 Minervini,
1293 1015 1375 1074 Bell.
1393 1017 1473 1074 urolt.

139 1121 220 1197 Nep.
243 1141 290 1179 uu.
312 1140 336 1179 s.
356 1121 387 1193 1,
410 1119 477 1179 163.
507 1123 543 1196 es.
565 1119 624 1192 IV,
647 1121 719 1192 108,
746 1137 812 1198 ego,
836 1120 868 1178 Z.
884 1121 912 1194 s.
934 1118 1025 1196 oerpl.
1047 1118 1116 1196 Spr.
1140 1119 1200 1192 XI,
1221 1119 1293 1191 324,
1337 1116 1473 1190 Fiorelli,

148 1225 330 1283 Adversaris
352 1223 541 1300 epigraphioa
557 1242 591 1300 p.
609 1225 632 1282 1.

139 1712 194 1772 19.
237 1711 356 1790 Tegula
382 1713 412 1769 iu
441 1729 513 1788 egro
536 1709 670 1798 Cumano
697 1718 817 1786 reperto
857 1708 1037 1785 d’appresso
1057 1708 1108 1766 ull’
1130 1707 1208 1767 Arce
1227 1709 1316 1784 selice
1341 1709 1388 1768 nel
1414 1710 1472 1769 luto

181 1815 261 1873 della
287 1812 432 1890 Spioppiu
467 1833 534 1873 eum
572 1815 667 1890 figure
699 1813 825 1889 graphio
858 1821 984 1870 exarata
1011 1810 1138 1868 feminee
1170 1811 1266 1869 nudae
1300 1812 1407 1870 utentis
1440 1813 1472 1870 in

185 1917 275 1992 globo
298 1927 328 1974 st
349 1917 496 1975 bracchiis
518 1916 678 1992 pendentis
701 1915 833 1992 emplum
856 1914 980 1993 pallium
1004 1913 1170 1986 stellatum,
1197 1914 1227 1971 in
1249 1931 1309 1990 quo
1331 1913 1377 1972 bis
1401 1914 1473 1972 sori·

181 2029 266 2097 ptum
289 2027 348 2077 est:

450 2214 574 2315 dpsim
982 2213 1103 2314 dpsim

348 2372 511 2450 Opsiorum
534 2373 686 2450 (donum).
884 2371 1047 2448 Opsiorum
1069 2371 1218 2448 (donum).
1294 2369 1295 2372 ’

233 2571 269 2631 G.
287 2571 435 2644 Garruort,
461 2572 566 2648 Tepolo
585 2571 712 2631 Cumano
735 2590 788 2630 uon
809 2570 1051 2648 roppresentunzo
1072 2571 1190 2647 prusfito
1208 2569 1373 2646 eleqpeuda
1389 2569 1475 2630 Osco.

137 2675 232 2747 1862,
251 2695 283 2750 p.
300 2676 376 2751 deq.
400 2674 420 2732 9
435 2695 477 2751 sq.
501 2686 569 2746 tau,
590 2675 668 2732 unde
684 2673 822 2746 Fubretti,
845 2671 1168 2770 0110172763,
1190 2674 1227 2747 os.
1244 2671 1380 2743 Rudente,
1403 2673 1476 2731 For-

141 2777 226 2835 mas.
250 2779 278 2835 u.
307 2777 377 2836 oss.
398 2777 467 2854 spr.
487 2775 757 2848 unu-xum,
779 2777 823 2834 14.
873 2761 973 2852 upum
1002 2800 1040 2825 =
1074 2775 1226 2852 Opsiorum
1251 2781 1298 2832 est
1325 2775 1477 2852 genitivus

137 2879 268 2956 pluralis
290 2879 424 2938 eiusdem
446 2880 563 2956 generis
585 2877 842 2954 utqoeAisernim,
866 2877 996 2953 Sestum,
1011 2879 1109 2950 einim,
1132 2895 1200 2936 eum
1222 2885 1252 2935 et
1273 2876 1352 2934 tituli
1374 2875 1475 2935 Latini

140 2981 242 3040 Oscae
256 2981 407 3058 quondam
418 2982 549 3058 regionis
560 2974 690 3040 h'ubeunt
701 2981 823 3039 nomine
835 2980 952 3056 Opsius,
970 2979 1089 3056 Opieios
1112 2978 1258 3055 (Momsus.
1281 2979 1308 3036 I.
1329 2979 1366 3036 B.
1380 2979 1476 3054 Neup.
1566 3005 1572 3028 ι

138 3083 385 3142 induemuiror.
399 3094 424 3143 et
434 3084 569 3159 mulien),
581 3091 611 3141 et
616 3083 738 3160 genitivi
753 3082 878 3159 pluralis
895 3082 1048 3141 nominum
1061 3082 1218 3158 gentilium
1230 3099 1325 3156 nuper
1334 3082 1366 3138 in
1381 3080 1478 3138 lueem

139 3185 307 3263 prodierint
342 3187 464 3246 Vis-tium
486 3212 523 3236 =
555 3187 712 3246 Virriorum
739 3195 769 3244 et
798 3184 978 3243 Kluuatiium
1006 3209 1044 3234 =
1077 3182 1273 3242 Clooatiorum
1299 3184 1330 3241 in
1358 3183 1478 3242 dedica·

142 3289 258 3346 tionum
280 3289 376 3347 titulis
399 3287 571 3368 Campanis,
594 3288 747 3347 hominum
771 3287 885 3346 seilicet
912 3286 1108 3364 complurium
1138 3285 1273 3344 eiusdem
1295 3286 1403 3362 gentis,
1426 3286 1479 3360 qui

141 3389 208 3448 deis
231 3389 309 3449 done
331 3390 475 3451 dederunt
497 3391 539 3468 (u.
561 3392 606 3450 12.
629 3390 690 3465 14),
713 3399 743 3448 et
764 3389 960 3448 dedicationis
981 3381 1126 3447 formulas
1149 3389 1196 3447 bis
1210 3388 1313 3474 ‚repeti
1328 3387 1359 3445 in
1374 3385 1478 3445 eodem

142 3492 229 3550 fictili
251 3490 405 3570 Campano
421 3512 513 3569 supre
527 3493 761 3552 demonstratum
785 3492 825 3550 sit
842 3490 1026 3567 (01013).
1063 3492 1169 3567 Itaque
1196 3491 1296 3567 Upetm
1318 3489 1478 3567 significet,

148 3594 305 3670 Opsiorum
325 3595 424 3674 gentis
441 3593 595 3655 Cumanae
610 3595 747 3654 homines
771 3594 900 3671 effigiem
923 3594 996 3652 dese
1011 3594 1137 3671 graphio
1153 3601 1308 3652 exaratum
1330 3593 1362 3651 in
1377 3592 1479 3670 tegula

138 3697 212 3755 huie
239 3697 299 3775 ipsi
326 3696 400 3756 deae
428 3687 517 3757 dono
534 3697 661 3758 dedisse.
705 3696 755 3754 Me
782 3706 881 3754 eutem
908 3696 1006 3754 iudice
1028 3697 1101 3754 ireee
1128 3696 1184 3754 dee
1205 3704 1253 3755 est
1278 3695 1347 3754 Nou
1371 3694 1476 3770 (Verp.

139 3799 216 3857 Aen.
237 3799 269 3870 V,
295 3799 357 3859 721.
387 3801 458 3871 VII,
482 3799 548 3859 331.
574 3800 650 3871 XII,
671 3800 743 3858 840.
768 3800 834 3859 800.
871 3798 954 3857 Ouid.
978 3799 1059 3856 Fast.
1074 3798 1102 3870 Ι,
1127 3799 1209 3873 450),
1231 3797 1356 3875 pallium
1379 3796 1476 3854 stellis

140 3910 290 3972 ornatum,
312 3902 392 3977 quod
414 3903 572 3979 expendit:
596 3912 773 3960 nocturnum
795 3901 910 3961 eaelum
933 3899 1100 3973 stellatum,
1122 3900 1239 3977 globos,
1267 3901 1380 3975 inquo
1403 3909 1477 3958 stut:

139 4003 234 4080 polus
257 4003 354 4080 (Verp.
370 4005 444 4064 Aen.
463 4005 496 4078 V,
518 4006 587 4082 721)
610 4006 658 4064 vel
680 4005 788 4082 globus
810 4004 923 4063 mundi.

143 4255 302 4263 ..——.—-

714 4523 904 4584 rourum.
950 4507 951 4512 '

139 4713 205 4773 20.
251 4713 371 4775 Tubulo
391 4736 430 4776 ex
451 4715 551 4793 lapide
574 4716 734 4776 Tiburtino
760 4717 812 4792 qui
835 4725 959 4774 vocetur
979 4714 1164 4793 marginibus
1192 4715 1340 4792 utrimque
1362 4712 1479 4773 detritis

183 4825 216 4874 et
243 4815 397 4878 deficiente
425 4827 553 4895 utroque
575 4820 685 4896 angulo
709 4819 865 4896 superiore
886 4818 995 4891 fracto,
1024 4817 1146 4876 invente
1174 4824 1243 4875 unte
1270 4826 1388 4893 portem
1411 4815 1479 4877 Ste-

184 4919 308 4978 bianarn
330 4921 378 4980 die
401 4920 438 4980 12
462 4923 575 4980 mensis
597 4922 726 4998 Augusti
749 4942 776 4980 a.
795 4919 889 4992 1851,
917 4919 1025 4978 litteris
1048 4919 1086 4978 sd
1107 4919 1243 4998 regulum
1266 4919 1340 4978 bene
1362 4919 1480 4991 incisis,

183 5040 268 5080 nunc
289 5023 319 5082 in
341 5043 446 5084 museo
469 5022 687 5102 Neapolitano:
950 5023 952 5026 ’
