3466 5820
141 1647 231 1795 SC.
270 1648 352 1760 llll
390 1644 695 1761 NVNDINIS
735 1645 970 1820 SALTVS
1009 1644 1368 1760 aletensis,

92 2159 152 2301 In
173 2242 273 2301 radice
295 2242 426 2301 saltuum
451 2244 570 2302 illorum
592 2244 701 2321 quibus
728 2244 869 2319 planities
891 2241 1091 2304 Sufetulensis
1117 2249 1146 2302 et
1169 2241 1314 2303 Sufetana
1335 2257 1420 2319 sepa·

92 2353 175 2402 ratur
201 2346 238 2402 ab
266 2364 302 2402 ea
330 2364 406 2421 quae
434 2347 616 2404 occidentem
644 2364 749 2406 versus
777 2346 947 2405 extenditur
972 2363 1066 2423 usque
1096 2346 1135 2403 ad
1155 2353 1282 2418 montes,
1315 2344 1366 2420 qui
1389 2354 1422 2400 ut

92 2447 162 2505 olim
193 2447 270 2505 inter
295 2449 478 2525 provinciam
506 2450 802 2526 proconsularemet
823 2448 996 2508 Numidiam
1022 2449 1065 2507 ita
1086 2448 1174 2507 hodie
1199 2448 1421 2522 interregnum

92 2547 280 2608 Tunetanum
304 2551 518 2627 Algeriamque
540 2552 628 2611 finem
652 2553 846 2625 constituunt,
873 2571 891 2610 a
912 2560 1012 2610 monte
1034 2552 1085 2627 qui
1107 2550 1197 2610 hodie
1213 2549 1323 2624 Djebel
1338 2546 1421 2607 Sem·

93 2670 190 2709 meina
205 2652 311 2710 dieitur
333 2655 565 2728 septentrionem
587 2672 700 2726 uersus,
724 2655 876 2712 meridiem
899 2663 929 2711 et
944 2654 1127 2712 occidentem
1145 2670 1248 2712 versus
1263 2652 1302 2710 ab
1315 2649 1423 2725 Djebel

92 2753 283 2825 Tauruscha‚
317 2756 365 2812 hie
386 2756 449 2814 illie
470 2757 574 2815 ruinae
596 2757 787 2815 inveniuntur
813 2757 953 2816 circuitus
980 2758 1023 2815 ita
1049 2756 1134 2834 parvi
1158 2756 1209 2813 vix
1237 2762 1268 2813 ut
1289 2754 1421 2812 vicorum

91 2857 238 2932 reliquiae
263 2857 356 2916 fuisse
382 2859 547 2917 videantur.
595 2859 709 2917 Eodem
731 2877 834 2918 omnes
856 2860 974 2918 nomine
996 2860 1033 2918 ab
1056 2859 1209 2917 Arabibus
1230 2875 1309 2915 nunc
1330 2856 1361 2913 in
1383 2856 1422 2913 iis

92 2959 167 3016 locis
200 2959 402 3019 habitantibus
429 2961 614 3037 Hansclir¹)
647 2962 673 3018 el
698 2963 799 3038 Bepur
825 2962 1025 3038 appellantur.
1079 2961 1183 3018 Victor
1207 2957 1338 3029 Gudrin,
1371 2957 1422 3033 qui

93 3061 208 3138 primus
231 3073 300 3120 ante
321 3063 377 3122 hos
398 3062 460 3122 iere
482 3063 648 3139 quindecim
672 3082 766 3122 annos
789 3065 873 3122 illam
895 3066 1046 3141 regionem
1068 3071 1272 3136 perscrutatus
1296 3069 1351 3132 est,
1378 3061 1422 3118 in-

93 3164 165 3222 cidit
192 3165 233 3224 ibi
260 3167 290 3223 in
317 3175 539 3224 monumentum
562 3167 694 3224 omnium
720 3185 798 3242 quae
821 3186 859 3226 ex
882 3167 1038 3243 provincia
1057 3165 1267 3242 proconsulari
1287 3164 1423 3222 innotue-

90 3273 161 3325 runt
187 3267 273 3325 facile
300 3269 507 3343 gravissimum
536 3269 593 3328 boc
626 3278 673 3327 est
704 3270 735 3328 in
768 3269 900 3328 tabulam
930 3269 1038 3344 lapidis
1072 3268 1192 3326 calcarii
1226 3267 1316 3325 altam
1342 3267 1355 3322 l
1381 3285 1418 3323 m.

95 3369 135 3427 64
157 3380 243 3442 cent,
269 3370 359 3428 latam
382 3381 458 3430 cent.
482 3371 532 3442 80,
559 3372 665 3447 viginti
687 3370 832 3447 novem2)
856 3372 991 3430 versibus
1013 3372 1202 3447 inscriptam:
1236 3387 1301 3427 eam
1324 3368 1423 3444 ipsam

93 3481 193 3530 autem
220 3473 264 3531 ita
289 3472 417 3532 deletam
446 3474 578 3550 repperit
605 3481 638 3530 ut
665 3473 702 3532 de
729 3474 857 3532 lectione
884 3474 1006 3533 maioris
1033 3473 1127 3550 partie
1154 3473 1220 3531 eius
1251 3471 1424 3548 desperaret

93 3594 149 3633 nee
169 3575 227 3633 nisi
251 3593 356 3634 versus
376 3576 513 3634 undecim
536 3584 705 3653 postremos
728 3576 955 3652 describeret.³)
998 3576 1073 3634 Post
1087 3595 1154 3634 eum
1177 3582 1245 3632 ante
1267 3593 1313 3631 me
1336 3591 1423 3631 nemo

92 3678 175 3754 quod
197 3678 289 3736 sciam
311 3680 379 3738 loca
400 3679 453 3736 illa
474 3699 533 3738 non
556 3679 645 3737 nimis
668 3685 734 3736 tuta
755 3679 842 3750 adiit3
866 3679 931 3756 ipse
947 3690 1046 3737 autem
1062 3697 1098 3735 ea
1119 3677 1179 3736 adii
1202 3695 1327 3754 sperans
1351 3675 1424 3734 mibi

91 3781 224 3840 fortasse
245 3783 275 3838 in
298 3781 354 3838 hoe
375 3799 496 3858 quoque
519 3791 710 3840 monumento
732 3801 795 3840 rem
818 3782 924 3840 melius
948 3799 1155 3840 successuram
1177 3797 1254 3838 esse.
1303 3779 1423 3837 Primae

91 3884 197 3943 ruinae
221 3901 295 3960 quas
315 3883 415 3960 Begar
436 3884 583 3943 nominari
604 3885 720 3942 incolae
742 3884 815 3943 mihi
838 3885 984 3956 dicebant,
1006 3884 1121 3943 frustra
1141 3882 1423 3959 pervestigaveram‚

90 3988 163 4045 item
187 3985 342 4056 secundas,
365 3985 493 4062 denique
515 3988 546 4044 in
569 3987 664 4044 tertiis
687 3987 745 4044 iam
769 3995 928 4062 antequam
951 3987 988 4044 de
1009 4005 1087 4062 equo
1110 3985 1320 4045 descenderem
1343 3983 1423 4042 haud

92 4089 200 4164 procul
227 4089 265 4146 ab
292 4087 449 4148 ruderibus
477 4089 551 4148 setis
578 4090 696 4165 amplae
728 4091 861 4164 porticus
883 4090 1047 4166 quadratae
1078 4089 1250 4167 ingentibus
1287 4087 1423 4165 postibus

91 4191 195 4262 fultae,
217 4190 361 4265 conspexi
383 4191 513 4266 lapidem
536 4191 633 4249 adhuc
655 4191 759 4250 eodem
780 4192 911 4251 fortasse
932 4193 998 4250 loeo
1021 4199 1158 4262 stantem,
1181 4209 1241 4267 quo
1257 4190 1340 4248 stetit
1352 4189 1424 4249 olim

92 4313 160 4350 cum
183 4292 332 4351 nundinae
360 4293 391 4350 iu
421 4312 456 4351 eo
483 4303 732 4352 commemoratae
753 4295 795 4354 ibi
817 4296 1011 4354 habebantur.
1055 4294 1195 4352 Porticus
1216 4293 1298 4352 illius
1319 4291 1424 4351 titulus

91 4395 119 4454 ai
142 4396 347 4471 quiunquam
369 4393 440 4468 luit,'
467 4406 519 4454 aut
540 4397 629 4474 periit
650 4404 703 4454 aut
733 4399 789 4456 sub
818 4408 898 4456 terra
919 4399 1005 4457 latet:
1039 4397 1103 4456 sine
1125 4397 1217 4455 dubio
1238 4404 1337 4455 autem
1359 4396 1426 4472 ipsa

91 4617 299 4627 --—---..-

173 4778 196 4842 ¹)
224 4777 355 4830 Heraclii·
373 4782 399 4830 in
419 4795 499 4846 regno
520 4782 656 4832 Tunetunc
677 4783 782 4832 omuino
802 4790 916 4833 veterum
936 4783 1090 4850 oppidorum
1110 4783 1200 4834 ruinae
1219 4791 1354 4836 vocantur.

172 4869 197 4933 ²)
225 4873 345 4936 Triginta
364 4874 432 4922 male
451 4874 519 4923 dixit
537 4873 685 4926 Guarinius.
768 4877 769 4880 ’

170 4961 195 5026 ³)
224 4963 321 5016 Guerin
341 4981 397 5030 vop.
418 4964 488 5016 arch.
511 4969 523 5015 1
545 4983 570 5031 p.
585 4965 652 5017 391:
680 4965 911 5018 matteareuaement
936 4976 1001 5020 toute
1020 4969 1047 5019 lu
1069 4970 1154 5036 partie
1179 4965 1321 5036 rupe'rieure
1345 4988 1362 5020 a
1386 4963 1424 5022 e'te'

4 5093 6 5096 -
90 5053 185 5121 ronye'e
206 5072 257 5122 pur
279 5074 326 5106 une
351 5064 418 5108 sorte
437 5057 468 5107 de
487 5057 566 5107 tieten
590 5059 634 5124 pai
652 5075 669 5108 a
687 5057 766 5109 altere
781 5058 968 5126 profondimeat
988 5062 1015 5112 lu
1030 5062 1138 5129 plupart
1157 5061 1201 5112 des
1219 5059 1366 5123 caracteres,
1397 5079 1424 5113 ce

91 5149 139 5214 qui
156 5163 186 5196 ae
204 5141 254 5197 m'cr
269 5151 365 5216 permis
383 5149 413 5199 de
432 5147 566 5216 de'elu'ffrer
586 5144 661 5216 qu’un
676 5153 743 5220 petit
762 5151 860 5203 nombre
880 5152 910 5203 de
928 5162 991 5205 mota
1009 5153 1074 5204 dana
1093 5155 1129 5204 lea
1147 5153 1193 5206 dia
1211 5155 1272 5221 sceaf
1290 5150 1425 5223 premieres

92 5238 189 5306 liparem
211 5239 247 5290 lea
264 5257 323 5292 aare
341 5239 468 5293 dernierea
486 5249 542 5308 ecrit
561 5239 686 5311 beaucoup
704 5243 763 5311 plue
774 5244 871 5311 faciles
889 5244 906 5296 ἁ
926 5246 981 5297 lire.

1163 5338 1199 5398 19
