3540 5828
433 527 776 584 oouuunrnrtonns
793 527 1072 581 umonarurcnu
1091 528 1196 582 unus.
1410 510 1481 580 159

151 634 308 644 ..—

420 702 543 764 Stenius
565 700 713 779 Olum.(l)
729 699 858 773 Virrius,

419 805 549 882 Trebius
633 803 721 862 —ius
736 801 886 876 Virreius,

416 907 464 968 Pl.
472 907 515 985 (l)
537 907 647 967 Assius
667 904 824 978 Bisellius‚

419 1009 538 1087 Oppius
560 1008 700 1081 Helvius,

418 1111 532 1171 Lucius
555 1109 711 1183 Octavius,

418 1212 531 1276 Statius
553 1210 672 1274 Gavius
693 1231 749 1272 nec
769 1212 826 1272 fari
847 1231 903 1273 uec
924 1211 1024 1272 dicere
1043 1211 1170 1290 possint.

418 1369 531 1430 Lucius
555 1367 699 1429 Octavius
720 1367 882 1428 Nouellum
900 1369 1031 1430 Velliam
1054 1369 1278 1448 (imprecatur):

417 1473 484 1534 Nec
506 1472 604 1532 dicere
625 1488 679 1529 nee
699 1471 758 1530 fari
781 1471 888 1549 possit,

417 1594 473 1636 nec
494 1583 717 1635 monumentum
743 1592 800 1634 nec
821 1573 913 1633 ollam
935 1574 992 1634 sibi
1014 1573 1123 1652 capiat.

233 1715 354 1775 Primus
383 1713 477 1772 edidit
501 1731 569 1772 cum
585 1711 809 1791 commentario
834 1712 860 1772 Ι.
882 1711 1060 1784 ldiuervini‚
1088 1711 1197 1771 Butler.
1224 1713 1346 1772 orcleol.
1369 1713 1479 1791 Napol.

148 1838 213 1878 noo.
234 1817 337 1890 σειν,
358 1827 415 1875 tac.
431 1815 517 1886 VIII,
538 1817 565 1872 1.
583 1813 679 1892 pao.
695 1814 767 1886 100,
789 1813 867 1873 unde
888 1814 928 1873 A.
944 1815 1081 1886 Iltdrettt',
1106 1814 1139 1873 C.
1154 1815 1181 1872 I.
1196 1815 1268 1875 Ital.
1281 1825 1300 1874 t.
1320 1814 1383 1874 XL
1393 1815 1480 1888 VIII,

151 1919 255 1990 2799,·
284 1919 320 1979 G.
341 1917 477 1989 Florem,
503 1915 597 1977 Cotol.
619 1917 699 1975 Mus.
721 1916 832 1994 Nopol.
868 1916 951 1993 Nep.
966 1917 1059 1977 1867.
1102 1917 1232 1977 Raccolt.
1255 1921 1345 1994 epipr.
1368 1938 1396 1977 n.
1413 1918 1480 1977 137.

147 2023 217 2101 Ego
238 2023 450 2099 interpretatus
473 2037 556 2093 sum,
584 2019 722 2078 Zeitacdr.
736 2020 765 2093 f.
788 2019 876 2095 vcrpl.
894 2016 962 2095 Spr.
978 2017 1038 2091 XI,
1059 2017 1253 2090 338-3635
1285 2021 1329 2095 cf⁸¹
1344 2020 1482 2092 Bodetia,

149 2124 337 2185 Fomenta,
354 2122 423 2184 Oak.
441 2119 509 2199 Spr.
532 2141 561 2180 a.
576 2118 634 2178 LI.

232 2227 351 2286 Incerta
371 2235 420 2284 est
438 2224 529 2284 lectio
551 2222 680 2283 nominis
703 2222 824 2300 gentilis
845 2223 877 2282 in
899 2223 1032 2284 secundo
1055 2241 1144 2283 versu
1165 2223 1255 2283 tituli.
1299 2224 1390 2283 Initio
1414 2225 1480 2286 eius

147 2330 267 2390 litteras
288 2340 316 2388 rt
335 2329 444 2408 ligatas
466 2345 545 2399 esse,
568 2344 607 2384 ex
623 2325 818 2394 ,lineamentis
840 2325 1007 2403 apographi
1028 2325 1054 2385 1.
1076 2325 1237 2385 Minerrini
1258 2326 1381 2399 conieci,
1403 2347 1482 2405 quaa
1516 2367 1523 2374 -

147 2451 216 2490 cum
237 2432 334 2507 ipsius
356 2430 486 2489 laminae
508 2427 670 2506 scriptione
692 2427 862 2488 consentire
883 2428 1031 2488 dubitanti
1052 2427 1125 2488 mihi
1146 2448 1249 2506 nuper
1261 2429 1427 2491 affirmavit
1442 2431 1480 2492 G.

146 2528 187 2592 de
208 2531 314 2604 Petra;
341 2533 484 2592 Minerua:
500 2533 608 2607 stopie.

148 2742 257 2801 2-6.
294 2742 328 2801 ln
350 2741 466 2802 duabus
489 2741 616 2799 cameris
639 2740 841 2800 subterraneis
864 2741 995 2818 sepulcri
1018 2741 1125 2800 detecti
1148 2741 1185 2800 ad
1206 2740 1238 2800 S.
1254 2743 1358 2802 Maria
1379 2745 1410 2802 di
1425 2745 1481 2805 Co-

186 2863 250 2921 puo
271 2863 350 2903 anuo
373 2843 452 2904 1867
476 2862 494 2901 a
514 2841 643 2901 dominis
667 2839 785 2902 Golozzi
805 2852 836 2901 et
849 2843 947 2902 Dorio
968 2845 1079 2920 reperti
1100 2854 1170 2904 suut
1192 2845 1271 2904 tituli
1293 2846 1480 2924 sepulcrales

189 2946 369 3022 complures.

230 3048 266 3108 In
293 3067 412 3108 camera
440 3049 548 3106 dextra
575 3047 678 3106 titulus
704 3046 795 3106 rubro
821 3045 921 3107 colore
947 3048 1046 3125 pictus
1074 3050 1105 3108 iu
1132 3068 1224 3126 opere
1249 3051 1390 3124 tectorio,
1419 3069 1480 3128 quo

145 3150 215 3210 lecti
237 3150 363 3210 alicuius
384 3149 540 3210 mortuarii
561 3149 726 3229 marginem
749 3149 935 3226 superiorem
950 3160 1114 3210 contectum
1129 3151 1227 3211 luisse
1241 3152 1402 3212 verisimile
1424 3163 1479 3226 est,

145 3271 228 3312 nunc
249 3253 343 3313 tribus
364 3252 539 3330 fragmentis
562 3261 704 3312 constans
725 3251 757 3310 in
780 3268 883 3310 museo
904 3249 1124 3330 Neapolitano:

189 3407 221 3468 2,
579 3386 699 3488 upfals
725 3386 905 3486 [s]alaviis
921 3387 961 3486 [2]
977 3387 1105 3486 minies

596 3527 740 3605 Upfaliua
762 3525 884 3589 Salvius
905 3529 1028 3590 Minius.

229 3666 377 3727 Litteram
401 3666 548 3726 initialem
570 3684 586 3725 s
611 3666 742 3725 nominis
764 3664 872 3726 Saloca
899 3685 969 3745 ego,
996 3685 1063 3726 cum
1089 3667 1120 3726 in
1146 3669 1354 3745 promptuario
1381 3671 1478 3730 musei

144 3769 341 3847 Neapolitani
361 3769 481 3829 titulum
502 3767 694 3840 delineatam,
717 3768 845 3828 delatam
867 3768 968 3829 inveni
983 3768 1075 3828 calcis
1097 3769 1239 3829 lectoriae
1261 3789 1297 3828 ea
1318 3781 1404 3848 parte
1426 3774 1477 3832 de·

144 3871 226 3945 trita,
249 3871 301 3930 sed
324 3869 363 3931 G.
386 3872 423 3931 de
443 3870 537 3930 Petra
558 3878 648 3929 antea
668 3871 814 3950 integram
838 3870 922 3930 vidit.

229 3973 373 4033 Eiusdem
396 3992 531 4033 camerae
552 3972 583 4031 iu
605 3971 684 4032 lecto
706 3973 869 4034 mortuario
892 3972 1023 4051 scriptae
1044 3981 1130 4032 erant
1151 3974 1284 4034 litterae:

189 4127 221 4189 ³.
453 4107 650 4208 kluv[atis]
1026 4127 1185 4190 Cluvatius

143 4274 176 4326 et
198 4267 229 4324 in
251 4268 346 4327 altero
367 4265 632 4327 lecto'mortuario
653 4266 770 4326 litterae
791 4267 877 4347 nigro
899 4266 1001 4326 coloro
1023 4267 1133 4343 pictae:

188 4407 222 4466 4,
452 4384 694 4461 mln.u....
1023 4405 1270 4466 MiniusU....

228 4544 265 4603 In
287 4562 406 4604 camera
427 4543 551 4604 sinistra
572 4543 677 4604 titulus
698 4545 789 4604 rubro
811 4542 912 4604 colore
934 4544 1031 4622 pictus
1054 4546 1085 4604 in
1107 4546 1231 4604 tectorio
1253 4546 1322 4605 lecti
1345 4557 1478 4607 mortua-

142 4647 194 4719 rii,
215 4646 346 4706 nuncin
368 4664 473 4706 museo
493 4645 709 4724 Neapolitanot

187 4801 221 4862 5.
590 4781 710 4882 upfals
727 4781 1042 4882 .patlr.milnieis

630 4922 772 5000 Uplslius
795 4932 880 5000 pater
900 4923 996 4996 Mindi,

142 5069 174 5120 et
197 5061 228 5119 in
250 5061 345 5121 altero
366 5061 444 5121 lecto
466 5060 601 5121 eiusdem
623 5079 759 5120 camerae
779 5061 894 5118 littera:

187 5197 221 5258 6.
698 5206 809 5254 ...u
825 5233 937 5254 .....
