<?xml version="1.0" encoding="UTF-8"?>
<!DOCTYPE html PUBLIC "-//W3C//DTD XHTML 1.0 Transitional//EN"
    "http://www.w3.org/TR/xhtml1/DTD/xhtml1-transitional.dtd">
<html xmlns="http://www.w3.org/1999/xhtml" xml:lang="en" lang="en">
 <head>
  <title>
</title>
<meta http-equiv="Content-Type" content="text/html;charset=utf-8" />
  <meta name='ocr-system' content='tesseract 3.04.00' />
  <meta name='ocr-capabilities' content='ocr_page ocr_carea ocr_par ocr_line ocrx_word'/>
</head>
<body>
  <div class='ocr_page' id='page_1' title='image "./ephemerisepigra00henzgoog_0268.png"; bbox 0 0 3540 5828; ppageno 0'>
   <div class='ocr_carea' id='block_1_1' title="bbox 450 483 1469 566">
    <p class='ocr_par' dir='ltr' id='par_1_1' title="bbox 450 483 1469 566">
     <span class='ocr_line' id='line_1_1' title="bbox 450 483 1469 566; baseline 0 -13"><span class='ocrx_word' id='word_1_1' title='bbox 450 499 756 554; x_wconf 78' lang='lat' dir='ltr'>ossunvarmuas</span> <span class='ocrx_word' id='word_1_2' title='bbox 784 501 1060 554; x_wconf 76' lang='lat' dir='ltr'>arrosaruroau</span> <span class='ocrx_word' id='word_1_3' title='bbox 1079 503 1170 552; x_wconf 84' lang='lat' dir='ltr'>xvn.</span> <span class='ocrx_word' id='word_1_4' title='bbox 1298 562 1299 566; x_wconf 8' lang='grc' dir='ltr'><strong>Ἴ</strong></span> <span class='ocrx_word' id='word_1_5' title='bbox 1396 483 1469 554; x_wconf 74' lang='lat'>255</span> 
     </span>
    </p>
   </div>
   <div class='ocr_carea' id='block_1_2' title="bbox 53 663 1506 2904">
    <p class='ocr_par' dir='ltr' id='par_1_2' title="bbox 129 663 1506 2502">
     <span class='ocr_line' id='line_1_2' title="bbox 135 663 1469 760; baseline 0.001 -27"><span class='ocrx_word' id='word_1_6' title='bbox 135 665 288 759; x_wconf 67' lang='grc' dir='ltr'>θυγατήρ,</span> <span class='ocrx_word' id='word_1_7' title='bbox 309 675 340 732; x_wconf 84' lang='lat' dir='ltr'>in</span> <span class='ocrx_word' id='word_1_8' title='bbox 362 675 527 751; x_wconf 82' lang='lat' dir='ltr'>posteriore</span> <span class='ocrx_word' id='word_1_9' title='bbox 548 673 565 747; x_wconf 72' lang='grc' dir='ltr'><strong><em>ἦ</em></strong></span> <span class='ocrx_word' id='word_1_10' title='bbox 587 666 734 740; x_wconf 61' lang='lat' dir='ltr'>Hermiou</span> <span class='ocrx_word' id='word_1_11' title='bbox 751 663 799 742; x_wconf 69' lang='grc' dir='ltr'>μὲν</span> <span class='ocrx_word' id='word_1_12' title='bbox 813 667 962 760; x_wconf 49' lang='lat' dir='ltr'>&amp;cymatia</span> <span class='ocrx_word' id='word_1_13' title='bbox 982 665 1130 740; x_wconf 64' lang='grc' dir='ltr'>βασιλέων</span> <span class='ocrx_word' id='word_1_14' title='bbox 1153 663 1183 732; x_wconf 70' lang='grc' dir='ltr'>δὲ</span> <span class='ocrx_word' id='word_1_15' title='bbox 1205 667 1293 758; x_wconf 62' lang='grc' dir='ltr'>μήτηρ</span> <span class='ocrx_word' id='word_1_16' title='bbox 1308 666 1469 760; x_wconf 66' lang='grc' dir='ltr'>Τρύφαινα.</span> 
     </span>
     <span class='ocr_line' id='line_1_3' title="bbox 133 777 1468 855; baseline 0 -17"><span class='ocrx_word' id='word_1_17' title='bbox 133 778 287 838; x_wconf 90' lang='lat' dir='ltr'>Antoniae</span> <span class='ocrx_word' id='word_1_18' title='bbox 313 793 419 835; x_wconf 91' lang='lat' dir='ltr'>nomen</span> <span class='ocrx_word' id='word_1_19' title='bbox 446 777 605 853; x_wconf 90' lang='lat' dir='ltr'>repetitum</span> <span class='ocrx_word' id='word_1_20' title='bbox 632 796 701 838; x_wconf 89' lang='lat' dir='ltr'>osse</span> <span class='ocrx_word' id='word_1_21' title='bbox 729 785 812 855; x_wconf 88' lang='lat' dir='ltr'>patet</span> <span class='ocrx_word' id='word_1_22' title='bbox 845 779 882 836; x_wconf 91' lang='lat' dir='ltr'>ab</span> <span class='ocrx_word' id='word_1_23' title='bbox 908 778 977 836; x_wconf 84' lang='lat' dir='ltr'>avia</span> <span class='ocrx_word' id='word_1_24' title='bbox 998 777 1061 836; x_wconf 90' lang='lat' dir='ltr'>filia</span> <span class='ocrx_word' id='word_1_25' title='bbox 1086 785 1158 835; x_wconf 90' lang='lat' dir='ltr'>natu</span> <span class='ocrx_word' id='word_1_26' title='bbox 1189 778 1322 837; x_wconf 87' lang='lat' dir='ltr'>maxima</span> <span class='ocrx_word' id='word_1_27' title='bbox 1342 780 1468 838; x_wconf 83' lang='lat' dir='ltr'>Antonii</span> 
     </span>
     <span class='ocr_line' id='line_1_4' title="bbox 131 871 1468 964; baseline 0.001 -25"><span class='ocrx_word' id='word_1_28' title='bbox 131 880 240 940; x_wconf 86' lang='lat' dir='ltr'>Illviri</span> <span class='ocrx_word' id='word_1_29' title='bbox 272 881 304 938; x_wconf 90' lang='lat' dir='ltr'>in</span> <span class='ocrx_word' id='word_1_30' title='bbox 336 879 422 938; x_wconf 91' lang='lat' dir='ltr'>titulo</span> <span class='ocrx_word' id='word_1_31' title='bbox 450 877 616 956; x_wconf 88' lang='lat' dir='ltr'>Smyrnaeo</span> <span class='ocrx_word' id='word_1_32' title='bbox 647 881 798 958; x_wconf 87' lang='lat' dir='ltr'>appellata</span> <span class='ocrx_word' id='word_1_33' title='bbox 830 871 978 964; x_wconf 69' lang='grc' dir='ltr'>εὐεργέτις,</span> <span class='ocrx_word' id='word_1_34' title='bbox 1006 899 1082 958; x_wconf 89' lang='lat' dir='ltr'>quae</span> <span class='ocrx_word' id='word_1_35' title='bbox 1115 881 1335 956; x_wconf 87' lang='lat' dir='ltr'>quodammodo</span> <span class='ocrx_word' id='word_1_36' title='bbox 1364 882 1468 958; x_wconf 81' lang='lat' dir='ltr'>stirpis</span> 
     </span>
     <span class='ocr_line' id='line_1_5' title="bbox 133 981 1462 1060; baseline 0.001 -18"><span class='ocrx_word' id='word_1_37' title='bbox 133 1001 206 1043; x_wconf 84' lang='lat' dir='ltr'>suae</span> <span class='ocrx_word' id='word_1_38' title='bbox 229 983 418 1058; x_wconf 74' lang='lat' dir='ltr'><strong>splendorem</strong></span> <span class='ocrx_word' id='word_1_39' title='bbox 441 981 625 1059; x_wconf 79' lang='lat' dir='ltr'>fundavit1).</span> <span class='ocrx_word' id='word_1_40' title='bbox 668 983 759 1043; x_wconf 82' lang='lat' dir='ltr'>Prius</span> <span class='ocrx_word' id='word_1_41' title='bbox 782 982 933 1042; x_wconf 88' lang='lat' dir='ltr'>decretum</span> <span class='ocrx_word' id='word_1_42' title='bbox 954 982 1068 1041; x_wconf 85' lang='lat' dir='ltr'>factum</span> <span class='ocrx_word' id='word_1_43' title='bbox 1090 991 1136 1042; x_wconf 89' lang='lat' dir='ltr'>est</span> <span class='ocrx_word' id='word_1_44' title='bbox 1156 983 1322 1060; x_wconf 84' lang='lat' dir='ltr'>imperante</span> <span class='ocrx_word' id='word_1_45' title='bbox 1338 982 1462 1043; x_wconf 90' lang='lat' dir='ltr'>Tiberio</span> 
     </span>
     <span class='ocr_line' id='line_1_6' title="bbox 132 1081 1463 1164; baseline 0.002 -22"><span class='ocrx_word' id='word_1_46' title='bbox 132 1092 200 1164; x_wconf 90' lang='lat' dir='ltr'>post</span> <span class='ocrx_word' id='word_1_47' title='bbox 234 1081 341 1162; x_wconf 81' lang='lat' dir='ltr'>Cotyis</span> <span class='ocrx_word' id='word_1_48' title='bbox 369 1085 481 1143; x_wconf 91' lang='lat' dir='ltr'>obitum</span> <span class='ocrx_word' id='word_1_49' title='bbox 517 1086 638 1162; x_wconf 88' lang='lat' dir='ltr'>opinor,</span> <span class='ocrx_word' id='word_1_50' title='bbox 669 1086 752 1145; x_wconf 90' lang='lat' dir='ltr'>cuius</span> <span class='ocrx_word' id='word_1_51' title='bbox 776 1086 859 1145; x_wconf 88' lang='lat' dir='ltr'>nulla</span> <span class='ocrx_word' id='word_1_52' title='bbox 894 1086 935 1144; x_wconf 93' lang='lat' dir='ltr'>ibi</span> <span class='ocrx_word' id='word_1_53' title='bbox 957 1085 1067 1144; x_wconf 90' lang='lat' dir='ltr'>mentio</span> <span class='ocrx_word' id='word_1_54' title='bbox 1089 1085 1131 1143; x_wconf 90' lang='lat' dir='ltr'>fit.</span> <span class='ocrx_word' id='word_1_55' title='bbox 1175 1083 1255 1144; x_wconf 89' lang='lat' dir='ltr'>Nam</span> <span class='ocrx_word' id='word_1_56' title='bbox 1277 1085 1386 1164; x_wconf 87' lang='lat' dir='ltr'>virgini</span> <span class='ocrx_word' id='word_1_57' title='bbox 1409 1106 1463 1146; x_wconf 88' lang='lat' dir='ltr'>nec</span> 
     </span>
     <span class='ocr_line' id='line_1_7' title="bbox 134 1187 1465 1266; baseline 0.002 -20"><span class='ocrx_word' id='word_1_58' title='bbox 134 1187 333 1247; x_wconf 79' lang='lat' dir='ltr'>sacerdotium</span> <span class='ocrx_word' id='word_1_59' title='bbox 352 1187 459 1246; x_wconf 86' lang='lat' dir='ltr'>Liviae</span> <span class='ocrx_word' id='word_1_60' title='bbox 481 1188 556 1247; x_wconf 89' lang='lat' dir='ltr'>satis</span> <span class='ocrx_word' id='word_1_61' title='bbox 578 1188 727 1258; x_wconf 81' lang='lat' dir='ltr'>convenit,</span> <span class='ocrx_word' id='word_1_62' title='bbox 750 1189 830 1266; x_wconf 92' lang='lat' dir='ltr'>quod</span> <span class='ocrx_word' id='word_1_63' title='bbox 852 1187 880 1247; x_wconf 90' lang='lat' dir='ltr'>ei</span> <span class='ocrx_word' id='word_1_64' title='bbox 901 1187 1007 1246; x_wconf 88' lang='lat' dir='ltr'>titulus</span> <span class='ocrx_word' id='word_1_65' title='bbox 1029 1187 1142 1259; x_wconf 84' lang='lat' dir='ltr'>tribuit,</span> <span class='ocrx_word' id='word_1_66' title='bbox 1165 1206 1219 1247; x_wconf 86' lang='lat' dir='ltr'>uec</span> <span class='ocrx_word' id='word_1_67' title='bbox 1240 1188 1397 1265; x_wconf 79' lang='lat' dir='ltr'>probabile</span> <span class='ocrx_word' id='word_1_68' title='bbox 1418 1199 1465 1249; x_wconf 90' lang='lat' dir='ltr'>est</span> 
     </span>
     <span class='ocr_line' id='line_1_8' title="bbox 132 1288 1461 1368; baseline 0.001 -19"><span class='ocrx_word' id='word_1_69' title='bbox 132 1289 344 1368; x_wconf 81' lang='lat' dir='ltr'>Tryphaenam</span> <span class='ocrx_word' id='word_1_70' title='bbox 371 1302 441 1368; x_wconf 92' lang='lat' dir='ltr'>post</span> <span class='ocrx_word' id='word_1_71' title='bbox 462 1290 576 1348; x_wconf 92' lang='lat' dir='ltr'>obitum</span> <span class='ocrx_word' id='word_1_72' title='bbox 598 1291 716 1348; x_wconf 87' lang='lat' dir='ltr'>demum</span> <span class='ocrx_word' id='word_1_73' title='bbox 739 1291 869 1368; x_wconf 82' lang='lat' dir='ltr'>Augusti</span> <span class='ocrx_word' id='word_1_74' title='bbox 893 1288 985 1367; x_wconf 91' lang='lat' dir='ltr'>Cotyi</span> <span class='ocrx_word' id='word_1_75' title='bbox 1011 1291 1164 1366; x_wconf 77' lang='lat' dir='ltr'>nupsisse,</span> <span class='ocrx_word' id='word_1_76' title='bbox 1193 1310 1248 1349; x_wconf 91' lang='lat' dir='ltr'>nec</span> <span class='ocrx_word' id='word_1_77' title='bbox 1269 1291 1461 1350; x_wconf 83' lang='lat' dir='ltr'>necessitudo</span> 
     </span>
     <span class='ocr_line' id='line_1_9' title="bbox 133 1387 1462 1470; baseline 0.001 -19"><span class='ocrx_word' id='word_1_78' title='bbox 133 1392 332 1470; x_wconf 84' lang='lat' dir='ltr'>Tryphaenae</span> <span class='ocrx_word' id='word_1_79' title='bbox 361 1393 423 1451; x_wconf 88' lang='lat' dir='ltr'>ulla</span> <span class='ocrx_word' id='word_1_80' title='bbox 445 1411 512 1450; x_wconf 89' lang='lat' dir='ltr'>cum</span> <span class='ocrx_word' id='word_1_81' title='bbox 535 1390 693 1468; x_wconf 83' lang='lat' dir='ltr'>Cyzicenis</span> <span class='ocrx_word' id='word_1_82' title='bbox 719 1393 777 1450; x_wconf 89' lang='lat' dir='ltr'>fuit</span> <span class='ocrx_word' id='word_1_83' title='bbox 802 1393 860 1450; x_wconf 92' lang='lat' dir='ltr'>nisi</span> <span class='ocrx_word' id='word_1_84' title='bbox 889 1402 1011 1470; x_wconf 88' lang='lat' dir='ltr'>propter</span> <span class='ocrx_word' id='word_1_85' title='bbox 1032 1387 1183 1452; x_wconf 71' lang='lat' dir='ltr'>maritum.¹</span> <span class='ocrx_word' id='word_1_86' title='bbox 1226 1391 1368 1470; x_wconf 88' lang='lat' dir='ltr'>Cyziceni</span> <span class='ocrx_word' id='word_1_87' title='bbox 1397 1413 1462 1452; x_wconf 91' lang='lat' dir='ltr'>oum</span> 
     </span>
     <span class='ocr_line' id='line_1_10' title="bbox 130 1494 1461 1572; baseline 0.002 -20"><span class='ocrx_word' id='word_1_88' title='bbox 130 1514 196 1553; x_wconf 89' lang='lat' dir='ltr'>eam</span> <span class='ocrx_word' id='word_1_89' title='bbox 219 1505 372 1553; x_wconf 72' lang='lat' dir='ltr'>creassent</span> <span class='ocrx_word' id='word_1_90' title='bbox 394 1494 578 1553; x_wconf 88' lang='lat' dir='ltr'>sacerdotem</span> <span class='ocrx_word' id='word_1_91' title='bbox 599 1494 694 1553; x_wconf 89' lang='lat' dir='ltr'>Iuliae</span> <span class='ocrx_word' id='word_1_92' title='bbox 715 1496 886 1571; x_wconf 88' lang='lat' dir='ltr'>Augustae,</span> <span class='ocrx_word' id='word_1_93' title='bbox 913 1495 1053 1572; x_wconf 88' lang='lat' dir='ltr'>quoniam</span> <span class='ocrx_word' id='word_1_94' title='bbox 1080 1505 1230 1554; x_wconf 81' lang='lat' dir='ltr'>aeternam</span> <span class='ocrx_word' id='word_1_95' title='bbox 1253 1497 1373 1556; x_wconf 87' lang='lat' dir='ltr'>domum</span> <span class='ocrx_word' id='word_1_96' title='bbox 1399 1515 1461 1555; x_wconf 88' lang='lat' dir='ltr'>ma·</span> 
     </span>
     <span class='ocr_line' id='line_1_11' title="bbox 129 1579 1464 1675; baseline 0.002 -21"><span class='ocrx_word' id='word_1_97' title='bbox 129 1579 203 1655; x_wconf 81' lang='lat' dir='ltr'>xiuii</span> <span class='ocrx_word' id='word_1_98' title='bbox 236 1597 358 1655; x_wconf 89' lang='lat' dir='ltr'>deorum</span> <span class='ocrx_word' id='word_1_99' title='bbox 386 1595 434 1655; x_wconf 92' lang='lat' dir='ltr'>Ti.</span> <span class='ocrx_word' id='word_1_100' title='bbox 458 1597 589 1673; x_wconf 85' lang='lat' dir='ltr'>Augusti</span> <span class='ocrx_word' id='word_1_101' title='bbox 616 1595 771 1675; x_wconf 90' lang='lat' dir='ltr'>Drusique</span> <span class='ocrx_word' id='word_1_102' title='bbox 796 1597 898 1656; x_wconf 80' lang='lat' dir='ltr'>fratris</span> <span class='ocrx_word' id='word_1_103' title='bbox 927 1598 990 1656; x_wconf 91' lang='lat' dir='ltr'>eius</span> <span class='ocrx_word' id='word_1_104' title='bbox 1020 1615 1138 1656; x_wconf 91' lang='lat' dir='ltr'>summa</span> <span class='ocrx_word' id='word_1_105' title='bbox 1171 1598 1315 1675; x_wconf 87' lang='lat' dir='ltr'>religione</span> <span class='ocrx_word' id='word_1_106' title='bbox 1342 1599 1464 1671; x_wconf 90' lang='lat' dir='ltr'>coleret,</span> 
     </span>
     <span class='ocr_line' id='line_1_12' title="bbox 131 1698 1462 1777; baseline 0.002 -20"><span class='ocrx_word' id='word_1_107' title='bbox 131 1701 236 1759; x_wconf 90' lang='lat' dir='ltr'>matris</span> <span class='ocrx_word' id='word_1_108' title='bbox 262 1700 381 1768; x_wconf 83' lang='lat' dir='ltr'>horum,</span> <span class='ocrx_word' id='word_1_109' title='bbox 409 1699 524 1758; x_wconf 88' lang='lat' dir='ltr'>scilicet</span> <span class='ocrx_word' id='word_1_110' title='bbox 543 1699 641 1758; x_wconf 87' lang='lat' dir='ltr'>Iuliae</span> <span class='ocrx_word' id='word_1_111' title='bbox 663 1700 818 1776; x_wconf 87' lang='lat' dir='ltr'>Augustae</span> <span class='ocrx_word' id='word_1_112' title='bbox 841 1701 1001 1776; x_wconf 87' lang='lat' dir='ltr'>imaginem</span> <span class='ocrx_word' id='word_1_113' title='bbox 1025 1698 1209 1776; x_wconf 87' lang='lat' dir='ltr'>Tryphaena</span> <span class='ocrx_word' id='word_1_114' title='bbox 1234 1700 1353 1777; x_wconf 89' lang='lat' dir='ltr'>publice</span> <span class='ocrx_word' id='word_1_115' title='bbox 1381 1700 1462 1760; x_wconf 88' lang='lat' dir='ltr'>dedi·</span> 
     </span>
     <span class='ocr_line' id='line_1_13' title="bbox 133 1801 1461 1881; baseline 0.002 -21"><span class='ocrx_word' id='word_1_116' title='bbox 133 1801 265 1877; x_wconf 72' lang='lat' dir='ltr'>cavit2).</span> <span class='ocrx_word' id='word_1_117' title='bbox 310 1801 441 1862; x_wconf 87' lang='lat' dir='ltr'>Drusum</span> <span class='ocrx_word' id='word_1_118' title='bbox 467 1801 591 1860; x_wconf 85' lang='lat' dir='ltr'>fratrem</span> <span class='ocrx_word' id='word_1_119' title='bbox 614 1801 729 1861; x_wconf 89' lang='lat' dir='ltr'>Tiberii</span> <span class='ocrx_word' id='word_1_120' title='bbox 758 1812 918 1879; x_wconf 89' lang='lat' dir='ltr'>eapropter</span> <span class='ocrx_word' id='word_1_121' title='bbox 943 1803 1089 1860; x_wconf 89' lang='lat' dir='ltr'>adiectum</span> <span class='ocrx_word' id='word_1_122' title='bbox 1116 1820 1184 1862; x_wconf 88' lang='lat' dir='ltr'>esse</span> <span class='ocrx_word' id='word_1_123' title='bbox 1210 1813 1350 1879; x_wconf 88' lang='lat' dir='ltr'>apparet,</span> <span class='ocrx_word' id='word_1_124' title='bbox 1380 1804 1461 1881; x_wconf 93' lang='lat' dir='ltr'>quod</span> 
     </span>
     <span class='ocr_line' id='line_1_14' title="bbox 131 1903 1461 1982; baseline 0.002 -20"><span class='ocrx_word' id='word_1_125' title='bbox 131 1904 330 1980; x_wconf 88' lang='lat' dir='ltr'>Tryphaenae</span> <span class='ocrx_word' id='word_1_126' title='bbox 353 1905 439 1962; x_wconf 89' lang='lat' dir='ltr'>aviae</span> <span class='ocrx_word' id='word_1_127' title='bbox 462 1922 549 1964; x_wconf 87' lang='lat' dir='ltr'>soror</span> <span class='ocrx_word' id='word_1_128' title='bbox 565 1903 668 1962; x_wconf 90' lang='lat' dir='ltr'>Druso</span> <span class='ocrx_word' id='word_1_129' title='bbox 689 1917 833 1982; x_wconf 88' lang='lat' dir='ltr'>nupserat</span> <span class='ocrx_word' id='word_1_130' title='bbox 855 1905 955 1981; x_wconf 89' lang='lat' dir='ltr'>itaque</span> <span class='ocrx_word' id='word_1_131' title='bbox 974 1904 1096 1962; x_wconf 91' lang='lat' dir='ltr'>Drusus</span> <span class='ocrx_word' id='word_1_132' title='bbox 1119 1915 1149 1963; x_wconf 89' lang='lat' dir='ltr'>ct</span> <span class='ocrx_word' id='word_1_133' title='bbox 1162 1905 1345 1982; x_wconf 88' lang='lat' dir='ltr'>Tryphaena</span> <span class='ocrx_word' id='word_1_134' title='bbox 1367 1905 1461 1964; x_wconf 88' lang='lat' dir='ltr'>allini-</span> 
     </span>
     <span class='ocr_line' id='line_1_15' title="bbox 131 2005 1461 2084; baseline 0.001 -19"><span class='ocrx_word' id='word_1_135' title='bbox 131 2015 191 2065; x_wconf 87' lang='lat' dir='ltr'>tate</span> <span class='ocrx_word' id='word_1_136' title='bbox 213 2007 421 2084; x_wconf 89' lang='lat' dir='ltr'>iungebantur.</span> <span class='ocrx_word' id='word_1_137' title='bbox 466 2005 635 2067; x_wconf 89' lang='lat' dir='ltr'>Secundum</span> <span class='ocrx_word' id='word_1_138' title='bbox 658 2007 808 2066; x_wconf 90' lang='lat' dir='ltr'>decretum</span> <span class='ocrx_word' id='word_1_139' title='bbox 830 2007 940 2066; x_wconf 86' lang='lat' dir='ltr'>lactum</span> <span class='ocrx_word' id='word_1_140' title='bbox 962 2015 1009 2066; x_wconf 90' lang='lat' dir='ltr'>est</span> <span class='ocrx_word' id='word_1_141' title='bbox 1034 2008 1198 2084; x_wconf 87' lang='lat' dir='ltr'>imperanto</span> <span class='ocrx_word' id='word_1_142' title='bbox 1220 2005 1298 2066; x_wconf 88' lang='lat' dir='ltr'>Gaio</span> <span class='ocrx_word' id='word_1_143' title='bbox 1320 2009 1385 2084; x_wconf 87' lang='lat' dir='ltr'>ipso</span> <span class='ocrx_word' id='word_1_144' title='bbox 1407 2009 1461 2066; x_wconf 94' lang='lat' dir='ltr'>illo</span> 
     </span>
     <span class='ocr_line' id='line_1_16' title="bbox 132 2109 1506 2187; baseline 0.001 -20"><span class='ocrx_word' id='word_1_145' title='bbox 132 2109 239 2184; x_wconf 91' lang='lat' dir='ltr'>opinor</span> <span class='ocrx_word' id='word_1_146' title='bbox 260 2127 320 2186; x_wconf 90' lang='lat' dir='ltr'>quo</span> <span class='ocrx_word' id='word_1_147' title='bbox 343 2126 468 2186; x_wconf 87' lang='lat' dir='ltr'>regnare</span> <span class='ocrx_word' id='word_1_148' title='bbox 490 2109 589 2184; x_wconf 91' lang='lat' dir='ltr'>coepit</span> <span class='ocrx_word' id='word_1_149' title='bbox 610 2109 740 2186; x_wconf 83' lang='lat' dir='ltr'>anno³),</span> <span class='ocrx_word' id='word_1_150' title='bbox 763 2128 823 2187; x_wconf 92' lang='lat' dir='ltr'>quo</span> <span class='ocrx_word' id='word_1_151' title='bbox 844 2117 978 2186; x_wconf 85' lang='lat' dir='ltr'>tempore</span> <span class='ocrx_word' id='word_1_152' title='bbox 1000 2109 1185 2186; x_wconf 87' lang='lat' dir='ltr'>Tryphaena</span> <span class='ocrx_word' id='word_1_153' title='bbox 1206 2129 1272 2168; x_wconf 89' lang='lat' dir='ltr'>cum</span> <span class='ocrx_word' id='word_1_154' title='bbox 1294 2110 1367 2169; x_wconf 86' lang='lat' dir='ltr'>filiis</span> <span class='ocrx_word' id='word_1_155' title='bbox 1389 2110 1462 2170; x_wconf 91' lang='lat' dir='ltr'>duo·</span> <span class='ocrx_word' id='word_1_156' title='bbox 1505 2139 1506 2142; x_wconf 38' lang='lat'>¹</span> 
     </span>
     <span class='ocr_line' id='line_1_17' title="bbox 131 2209 1461 2288; baseline 0.004 -19"><span class='ocrx_word' id='word_1_157' title='bbox 131 2211 188 2269; x_wconf 92' lang='lat' dir='ltr'>bus</span> <span class='ocrx_word' id='word_1_158' title='bbox 210 2219 282 2270; x_wconf 90' lang='lat' dir='ltr'>natu</span> <span class='ocrx_word' id='word_1_159' title='bbox 297 2211 459 2270; x_wconf 87' lang='lat' dir='ltr'>maioribus</span> <span class='ocrx_word' id='word_1_160' title='bbox 476 2209 618 2288; x_wconf 87' lang='lat' dir='ltr'>Cyzicum</span> <span class='ocrx_word' id='word_1_161' title='bbox 642 2211 765 2271; x_wconf 90' lang='lat' dir='ltr'>advenit</span> <span class='ocrx_word' id='word_1_162' title='bbox 785 2211 822 2271; x_wconf 90' lang='lat' dir='ltr'>ad</span> <span class='ocrx_word' id='word_1_163' title='bbox 844 2212 932 2271; x_wconf 92' lang='lat' dir='ltr'>ludos</span> <span class='ocrx_word' id='word_1_164' title='bbox 950 2213 990 2270; x_wconf 93' lang='lat' dir='ltr'>ibi</span> <span class='ocrx_word' id='word_1_165' title='bbox 1007 2211 1137 2271; x_wconf 92' lang='lat' dir='ltr'>edendos</span> <span class='ocrx_word' id='word_1_166' title='bbox 1153 2213 1226 2271; x_wconf 86' lang='lat' dir='ltr'>deae</span> <span class='ocrx_word' id='word_1_167' title='bbox 1241 2219 1337 2272; x_wconf 84' lang='lat' dir='ltr'>hovae</span> <span class='ocrx_word' id='word_1_168' title='bbox 1349 2211 1461 2274; x_wconf 87' lang='lat' dir='ltr'>Veneri</span> 
     </span>
     <span class='ocr_line' id='line_1_18' title="bbox 131 2312 1460 2392; baseline 0.002 -21"><span class='ocrx_word' id='word_1_169' title='bbox 131 2312 297 2372; x_wconf 87' lang='lat' dir='ltr'>Drusillae.</span> <span class='ocrx_word' id='word_1_170' title='bbox 313 2347 354 2357; x_wconf 91' lang='lat'><em>-</em></span> <span class='ocrx_word' id='word_1_171' title='bbox 369 2313 569 2374; x_wconf 88' lang='lat' dir='ltr'>Necessitudo</span> <span class='ocrx_word' id='word_1_172' title='bbox 591 2332 668 2390; x_wconf 87' lang='lat' dir='ltr'>quae</span> <span class='ocrx_word' id='word_1_173' title='bbox 690 2316 767 2373; x_wconf 89' lang='lat' dir='ltr'>inter</span> <span class='ocrx_word' id='word_1_174' title='bbox 782 2317 944 2374; x_wconf 92' lang='lat' dir='ltr'>Antoniam</span> <span class='ocrx_word' id='word_1_175' title='bbox 968 2315 1093 2391; x_wconf 89' lang='lat' dir='ltr'>eiusque</span> <span class='ocrx_word' id='word_1_176' title='bbox 1114 2315 1225 2374; x_wconf 92' lang='lat' dir='ltr'>liberos</span> <span class='ocrx_word' id='word_1_177' title='bbox 1248 2323 1278 2374; x_wconf 90' lang='lat' dir='ltr'>et</span> <span class='ocrx_word' id='word_1_178' title='bbox 1292 2313 1460 2392; x_wconf 89' lang='lat' dir='ltr'>Cyzicenos</span> 
     </span>
     <span class='ocr_line' id='line_1_19' title="bbox 129 2415 1461 2502; baseline 0.004 -30"><span class='ocrx_word' id='word_1_179' title='bbox 129 2415 287 2474; x_wconf 90' lang='lat' dir='ltr'>intercedit</span> <span class='ocrx_word' id='word_1_180' title='bbox 315 2434 433 2474; x_wconf 87' lang='lat' dir='ltr'>summa</span> <span class='ocrx_word' id='word_1_181' title='bbox 458 2425 489 2476; x_wconf 89' lang='lat' dir='ltr'>et</span> <span class='ocrx_word' id='word_1_182' title='bbox 516 2417 559 2474; x_wconf 91' lang='lat' dir='ltr'>ita</span> <span class='ocrx_word' id='word_1_183' title='bbox 584 2427 771 2495; x_wconf 89' lang='lat' dir='ltr'>comparata,</span> <span class='ocrx_word' id='word_1_184' title='bbox 805 2427 836 2475; x_wconf 93' lang='lat' dir='ltr'>ut</span> <span class='ocrx_word' id='word_1_185' title='bbox 862 2415 992 2502; x_wconf 84' lang='lat' dir='ltr'>Cyzicus</span> <span class='ocrx_word' id='word_1_186' title='bbox 1019 2418 1057 2477; x_wconf 89' lang='lat' dir='ltr'>iis</span> <span class='ocrx_word' id='word_1_187' title='bbox 1085 2425 1236 2493; x_wconf 87' lang='lat' dir='ltr'>tamquam</span> <span class='ocrx_word' id='word_1_188' title='bbox 1264 2418 1336 2476; x_wconf 87' lang='lat' dir='ltr'>urbs</span> <span class='ocrx_word' id='word_1_189' title='bbox 1364 2418 1461 2494; x_wconf 90' lang='lat' dir='ltr'>patria</span> 
     </span>
    </p>

    <p class='ocr_par' dir='ltr' id='par_1_3' title="bbox 53 2517 1460 2904">
     <span class='ocr_line' id='line_1_20' title="bbox 131 2517 1460 2598; baseline 0.002 -22"><span class='ocrx_word' id='word_1_190' title='bbox 131 2517 267 2593; x_wconf 79' lang='lat' dir='ltr'>esset⁴)‚</span> <span class='ocrx_word' id='word_1_191' title='bbox 298 2517 360 2577; x_wconf 89' lang='lat' dir='ltr'>sine</span> <span class='ocrx_word' id='word_1_192' title='bbox 383 2517 473 2577; x_wconf 93' lang='lat' dir='ltr'>dubio</span> <span class='ocrx_word' id='word_1_193' title='bbox 499 2518 568 2576; x_wconf 89' lang='lat' dir='ltr'>inde</span> <span class='ocrx_word' id='word_1_194' title='bbox 594 2519 756 2597; x_wconf 87' lang='lat' dir='ltr'>repetenda</span> <span class='ocrx_word' id='word_1_195' title='bbox 782 2529 842 2592; x_wconf 88' lang='lat' dir='ltr'>est,</span> <span class='ocrx_word' id='word_1_196' title='bbox 872 2519 951 2596; x_wconf 96' lang='lat' dir='ltr'>quod</span> <span class='ocrx_word' id='word_1_197' title='bbox 980 2539 1139 2598; x_wconf 91' lang='lat' dir='ltr'>puerorum</span> <span class='ocrx_word' id='word_1_198' title='bbox 1167 2519 1288 2579; x_wconf 93' lang='lat' dir='ltr'>illorum</span> <span class='ocrx_word' id='word_1_199' title='bbox 1310 2520 1460 2598; x_wconf 81' lang='lat' dir='ltr'>regiorum</span> 
     </span>
     <span class='ocr_line' id='line_1_21' title="bbox 53 2599 1459 2700; baseline 0.003 -22"><span class='ocrx_word' id='word_1_200' title='bbox 53 2599 59 2610; x_wconf 54' lang='lat'>&#39;</span> <span class='ocrx_word' id='word_1_201' title='bbox 128 2637 258 2697; x_wconf 81' lang='lat' dir='ltr'>proavus</span> <span class='ocrx_word' id='word_1_202' title='bbox 285 2617 398 2679; x_wconf 87' lang='lat' dir='ltr'>Sadala</span> <span class='ocrx_word' id='word_1_203' title='bbox 419 2621 580 2698; x_wconf 89' lang='lat' dir='ltr'>aliquando</span> <span class='ocrx_word' id='word_1_204' title='bbox 602 2623 701 2681; x_wconf 85' lang='lat' dir='ltr'>iulans</span> <span class='ocrx_word' id='word_1_205' title='bbox 724 2620 915 2699; x_wconf 90' lang='lat' dir='ltr'>aCyzicenis</span> <span class='ocrx_word' id='word_1_206' title='bbox 938 2635 1075 2698; x_wconf 88' lang='lat' dir='ltr'>receptus</span> <span class='ocrx_word' id='word_1_207' title='bbox 1098 2622 1178 2700; x_wconf 92' lang='lat' dir='ltr'>apud</span> <span class='ocrx_word' id='word_1_208' title='bbox 1203 2641 1257 2681; x_wconf 87' lang='lat' dir='ltr'>eos</span> <span class='ocrx_word' id='word_1_209' title='bbox 1280 2622 1459 2682; x_wconf 88' lang='lat' dir='ltr'>adoleverat.</span> 
     </span>
     <span class='ocr_line' id='line_1_22' title="bbox 128 2721 1459 2801; baseline 0.005 -23"><span class='ocrx_word' id='word_1_210' title='bbox 128 2721 218 2798; x_wconf 89' lang='lat' dir='ltr'>lpsos</span> <span class='ocrx_word' id='word_1_211' title='bbox 251 2721 330 2781; x_wconf 88' lang='lat' dir='ltr'>euim</span> <span class='ocrx_word' id='word_1_212' title='bbox 357 2742 416 2782; x_wconf 92' lang='lat' dir='ltr'>nou</span> <span class='ocrx_word' id='word_1_213' title='bbox 445 2732 506 2782; x_wconf 90' lang='lat' dir='ltr'>tam</span> <span class='ocrx_word' id='word_1_214' title='bbox 535 2722 639 2801; x_wconf 88' lang='lat' dir='ltr'>Cyzici</span> <span class='ocrx_word' id='word_1_215' title='bbox 666 2744 756 2801; x_wconf 87' lang='lat' dir='ltr'>quam</span> <span class='ocrx_word' id='word_1_216' title='bbox 777 2725 892 2783; x_wconf 91' lang='lat' dir='ltr'>Romae</span> <span class='ocrx_word' id='word_1_217' title='bbox 920 2724 1065 2784; x_wconf 88' lang='lat' dir='ltr'>educatos</span> <span class='ocrx_word' id='word_1_218' title='bbox 1091 2743 1160 2784; x_wconf 82' lang='lat' dir='ltr'>esse</span> <span class='ocrx_word' id='word_1_219' title='bbox 1187 2743 1258 2783; x_wconf 81' lang='lat' dir='ltr'>mox</span> <span class='ocrx_word' id='word_1_220' title='bbox 1285 2725 1459 2785; x_wconf 84' lang='lat' dir='ltr'>videbimus.</span> 
     </span>
     <span class='ocr_line' id='line_1_23' title="bbox 128 2823 1206 2904; baseline 0.003 -21"><span class='ocrx_word' id='word_1_221' title='bbox 128 2855 169 2869; x_wconf 94' lang='lat'>-</span> <span class='ocrx_word' id='word_1_222' title='bbox 192 2823 238 2885; x_wconf 94' lang='lat' dir='ltr'>De</span> <span class='ocrx_word' id='word_1_223' title='bbox 260 2825 391 2884; x_wconf 87' lang='lat' dir='ltr'>nummis</span> <span class='ocrx_word' id='word_1_224' title='bbox 413 2825 612 2904; x_wconf 89' lang='lat' dir='ltr'>Tryphaenae</span> <span class='ocrx_word' id='word_1_225' title='bbox 633 2827 723 2886; x_wconf 90' lang='lat' dir='ltr'>huius</span> <span class='ocrx_word' id='word_1_226' title='bbox 744 2828 824 2886; x_wconf 85' lang='lat' dir='ltr'>iufra</span> <span class='ocrx_word' id='word_1_227' title='bbox 846 2828 959 2886; x_wconf 89' lang='lat' dir='ltr'>dicetur</span> <span class='ocrx_word' id='word_1_228' title='bbox 980 2827 1011 2885; x_wconf 90' lang='lat' dir='ltr'>in</span> <span class='ocrx_word' id='word_1_229' title='bbox 1033 2826 1206 2888; x_wconf 90' lang='lat' dir='ltr'>Polemone.</span> 
     </span>
    </p>
   </div>
   <div class='ocr_carea' id='block_1_3' title="bbox 123 2989 1458 3500">
    <p class='ocr_par' dir='ltr' id='par_1_4' title="bbox 123 2989 1458 3500">
     <span class='ocr_line' id='line_1_24' title="bbox 209 2989 1458 3093; baseline 0.008 -30"><span class='ocrx_word' id='word_1_230' title='bbox 209 2993 242 3063; x_wconf 80' lang='grc'>7.</span> <span class='ocrx_word' id='word_1_231' title='bbox 284 2989 532 3093; x_wconf 74' lang='lat' dir='ltr'>Rhescuporis</span> <span class='ocrx_word' id='word_1_232' title='bbox 554 3022 679 3092; x_wconf 85' lang='lat' dir='ltr'>patruus</span> <span class='ocrx_word' id='word_1_233' title='bbox 701 3014 921 3092; x_wconf 86' lang='lat' dir='ltr'>praecedentis,</span> <span class='ocrx_word' id='word_1_234' title='bbox 950 3013 1080 3076; x_wconf 88' lang='lat' dir='ltr'>Sadalae</span> <span class='ocrx_word' id='word_1_235' title='bbox 1102 3013 1194 3093; x_wconf 88' lang='lat' dir='ltr'>igitur</span> <span class='ocrx_word' id='word_1_236' title='bbox 1215 3023 1246 3074; x_wconf 90' lang='lat' dir='ltr'>et</span> <span class='ocrx_word' id='word_1_237' title='bbox 1266 3013 1458 3073; x_wconf 89' lang='lat' dir='ltr'>Polemocra-</span> 
     </span>
     <span class='ocr_line' id='line_1_25' title="bbox 126 3113 1458 3196; baseline 0.002 -24"><span class='ocrx_word' id='word_1_238' title='bbox 126 3114 186 3172; x_wconf 88' lang='lat' dir='ltr'>tiae</span> <span class='ocrx_word' id='word_1_239' title='bbox 200 3113 281 3174; x_wconf 87' lang='lat' dir='ltr'>filius</span> <span class='ocrx_word' id='word_1_240' title='bbox 304 3125 377 3175; x_wconf 89' lang='lat' dir='ltr'>natu</span> <span class='ocrx_word' id='word_1_241' title='bbox 399 3117 550 3190; x_wconf 86' lang='lat' dir='ltr'>minimus,</span> <span class='ocrx_word' id='word_1_242' title='bbox 573 3137 640 3176; x_wconf 88' lang='lat' dir='ltr'>cum</span> <span class='ocrx_word' id='word_1_243' title='bbox 654 3123 798 3196; x_wconf 90' lang='lat' dir='ltr'>regnante</span> <span class='ocrx_word' id='word_1_244' title='bbox 815 3117 907 3176; x_wconf 85' lang='lat' dir='ltr'>fratre</span> <span class='ocrx_word' id='word_1_245' title='bbox 922 3117 954 3178; x_wconf 94' lang='lat' dir='ltr'>in</span> <span class='ocrx_word' id='word_1_246' title='bbox 968 3117 1142 3176; x_wconf 89' lang='lat' dir='ltr'>Pannonico</span> <span class='ocrx_word' id='word_1_247' title='bbox 1158 3116 1236 3175; x_wconf 90' lang='lat' dir='ltr'>hello</span> <span class='ocrx_word' id='word_1_248' title='bbox 1258 3117 1377 3175; x_wconf 88' lang='lat' dir='ltr'>laudem</span> <span class='ocrx_word' id='word_1_249' title='bbox 1399 3117 1458 3176; x_wconf 93' lang='lat' dir='ltr'>sibi</span> 
     </span>
     <span class='ocr_line' id='line_1_26' title="bbox 125 3216 1458 3297; baseline 0.003 -23"><span class='ocrx_word' id='word_1_250' title='bbox 125 3216 283 3275; x_wconf 88' lang='lat' dir='ltr'>meruisset</span> <span class='ocrx_word' id='word_1_251' title='bbox 293 3218 336 3294; x_wconf 83' lang='lat'>⁵),</span> <span class='ocrx_word' id='word_1_252' title='bbox 364 3227 435 3294; x_wconf 91' lang='lat' dir='ltr'>post</span> <span class='ocrx_word' id='word_1_253' title='bbox 456 3219 559 3278; x_wconf 87' lang='lat' dir='ltr'>fratris</span> <span class='ocrx_word' id='word_1_254' title='bbox 582 3226 706 3278; x_wconf 90' lang='lat' dir='ltr'>mortem</span> <span class='ocrx_word' id='word_1_255' title='bbox 734 3227 818 3295; x_wconf 83' lang='lat' dir='ltr'>purte.</span> <span class='ocrx_word' id='word_1_256' title='bbox 845 3221 928 3296; x_wconf 88' lang='lat' dir='ltr'>regni</span> <span class='ocrx_word' id='word_1_257' title='bbox 948 3221 1107 3297; x_wconf 89' lang='lat' dir='ltr'>impetrata</span> <span class='ocrx_word' id='word_1_258' title='bbox 1132 3227 1226 3280; x_wconf 86' lang='lat' dir='ltr'>totum</span> <span class='ocrx_word' id='word_1_259' title='bbox 1255 3219 1312 3278; x_wconf 90' lang='lat' dir='ltr'>sibi</span> <span class='ocrx_word' id='word_1_260' title='bbox 1339 3219 1458 3295; x_wconf 85' lang='lat' dir='ltr'>paravit</span> 
     </span>
     <span class='ocr_line' id='line_1_27' title="bbox 125 3318 1455 3398; baseline 0.002 -22"><span class='ocrx_word' id='word_1_261' title='bbox 125 3318 297 3394; x_wconf 85' lang='lat' dir='ltr'>captivitate</span> <span class='ocrx_word' id='word_1_262' title='bbox 319 3321 462 3398; x_wconf 90' lang='lat' dir='ltr'>primum,</span> <span class='ocrx_word' id='word_1_263' title='bbox 493 3321 600 3381; x_wconf 89' lang='lat' dir='ltr'>deinde</span> <span class='ocrx_word' id='word_1_264' title='bbox 622 3322 712 3380; x_wconf 89' lang='lat' dir='ltr'>caede</span> <span class='ocrx_word' id='word_1_265' title='bbox 734 3321 835 3380; x_wconf 87' lang='lat' dir='ltr'>fratris</span> <span class='ocrx_word' id='word_1_266' title='bbox 857 3323 925 3393; x_wconf 89' lang='lat' dir='ltr'>filii,</span> <span class='ocrx_word' id='word_1_267' title='bbox 947 3323 1001 3382; x_wconf 88' lang='lat' dir='ltr'>sed</span> <span class='ocrx_word' id='word_1_268' title='bbox 1023 3340 1081 3380; x_wconf 89' lang='lat' dir='ltr'>nou</span> <span class='ocrx_word' id='word_1_269' title='bbox 1104 3321 1156 3379; x_wconf 93' lang='lat' dir='ltr'>diu</span> <span class='ocrx_word' id='word_1_270' title='bbox 1177 3323 1271 3380; x_wconf 90' lang='lat' dir='ltr'>tenuit</span> <span class='ocrx_word' id='word_1_271' title='bbox 1292 3339 1311 3378; x_wconf 88' lang='lat' dir='ltr'>a</span> <span class='ocrx_word' id='word_1_272' title='bbox 1332 3321 1455 3380; x_wconf 90' lang='lat' dir='ltr'>Tiberio</span> 
     </span>
     <span class='ocr_line' id='line_1_28' title="bbox 123 3421 1009 3500; baseline 0.005 -22"><span class='ocrx_word' id='word_1_273' title='bbox 123 3439 216 3498; x_wconf 86' lang='lat' dir='ltr'>regno</span> <span class='ocrx_word' id='word_1_274' title='bbox 238 3421 377 3497; x_wconf 88' lang='lat' dir='ltr'>primum,</span> <span class='ocrx_word' id='word_1_275' title='bbox 400 3442 471 3482; x_wconf 88' lang='lat' dir='ltr'>mox</span> <span class='ocrx_word' id='word_1_276' title='bbox 494 3425 557 3482; x_wconf 86' lang='lat' dir='ltr'>vita</span> <span class='ocrx_word' id='word_1_277' title='bbox 579 3424 713 3500; x_wconf 84' lang='lat' dir='ltr'>privatus</span> <span class='ocrx_word' id='word_1_278' title='bbox 737 3424 780 3500; x_wconf 87' lang='lat' dir='ltr'>(p.</span> <span class='ocrx_word' id='word_1_279' title='bbox 798 3423 858 3484; x_wconf 76' lang='lat'>254</span> <span class='ocrx_word' id='word_1_280' title='bbox 881 3423 949 3482; x_wconf 92' lang='lat' dir='ltr'>adn.</span> <span class='ocrx_word' id='word_1_281' title='bbox 966 3423 1009 3500; x_wconf 78' lang='lat'>5).</span> 
     </span>
    </p>
   </div>
   <div class='ocr_carea' id='block_1_4' title="bbox 119 3817 1455 5264">
    <p class='ocr_par' dir='ltr' id='par_1_5' title="bbox 204 3817 782 3884">
     <span class='ocr_line' id='line_1_29' title="bbox 204 3817 782 3884; baseline 0.002 -17"><span class='ocrx_word' id='word_1_282' title='bbox 204 3817 226 3880; x_wconf 90' lang='lat'>¹)</span> <span class='ocrx_word' id='word_1_283' title='bbox 253 3818 321 3867; x_wconf 89' lang='lat' dir='ltr'>Vide</span> <span class='ocrx_word' id='word_1_284' title='bbox 341 3818 415 3868; x_wconf 93' lang='lat' dir='ltr'>huius</span> <span class='ocrx_word' id='word_1_285' title='bbox 435 3818 492 3882; x_wconf 88' lang='lat' dir='ltr'>eph.</span> <span class='ocrx_word' id='word_1_286' title='bbox 513 3818 594 3868; x_wconf 78' lang='lat' dir='ltr'>roll</span> <span class='ocrx_word' id='word_1_287' title='bbox 616 3835 641 3884; x_wconf 90' lang='lat' dir='ltr'>p.</span> <span class='ocrx_word' id='word_1_288' title='bbox 656 3820 709 3868; x_wconf 81' lang='lat'>270</span> <span class='ocrx_word' id='word_1_289' title='bbox 729 3833 782 3882; x_wconf 89' lang='lat' dir='ltr'>seq.</span> 
     </span>
    </p>

    <p class='ocr_par' dir='ltr' id='par_1_6' title="bbox 121 3896 1455 4439">
     <span class='ocr_line' id='line_1_30' title="bbox 197 3896 1454 3980; baseline -0.002 -20"><span class='ocrx_word' id='word_1_290' title='bbox 197 3908 221 3972; x_wconf 75' lang='lat'>²)</span> <span class='ocrx_word' id='word_1_291' title='bbox 246 3911 385 3960; x_wconf 84' lang='lat' dir='ltr'>Decretum</span> <span class='ocrx_word' id='word_1_292' title='bbox 413 3911 450 3960; x_wconf 90' lang='lat' dir='ltr'>sic</span> <span class='ocrx_word' id='word_1_293' title='bbox 480 3912 583 3976; x_wconf 84' lang='lat' dir='ltr'>incipit:</span> <span class='ocrx_word' id='word_1_294' title='bbox 610 3908 661 3959; x_wconf 78' lang='grc' dir='ltr'>ἐπεὶ</span> <span class='ocrx_word' id='word_1_295' title='bbox 684 3901 805 3959; x_wconf 80' lang='lat' dir='ltr'>&#39;Avruuia</span> <span class='ocrx_word' id='word_1_296' title='bbox 822 3898 951 3976; x_wconf 72' lang='grc' dir='ltr'>Τρῦῲαινα</span> <span class='ocrx_word' id='word_1_297' title='bbox 1056 3897 1099 3958; x_wconf 72' lang='lat' dir='ltr'>triv</span> <span class='ocrx_word' id='word_1_298' title='bbox 1122 3896 1209 3959; x_wconf 78' lang='lat' dir='ltr'>uiuivrou</span> <span class='ocrx_word' id='word_1_299' title='bbox 1238 3905 1282 3958; x_wconf 77' lang='lat' dir='ltr'>roi</span> <span class='ocrx_word' id='word_1_300' title='bbox 1307 3903 1454 3980; x_wconf 79' lang='grc' dir='ltr'>μεγίστο[υ]</span> 
     </span>
     <span class='ocr_line' id='line_1_31' title="bbox 121 3991 1453 4070; baseline -0.001 -19"><span class='ocrx_word' id='word_1_301' title='bbox 121 4000 187 4052; x_wconf 71' lang='grc' dir='ltr'>θεῶν</span> <span class='ocrx_word' id='word_1_302' title='bbox 205 3997 330 4069; x_wconf 72' lang='grc' dir='ltr'>Τιβερίου</span> <span class='ocrx_word' id='word_1_303' title='bbox 348 3999 485 4062; x_wconf 74' lang='grc' dir='ltr'>Σεβαστοῦ</span> <span class='ocrx_word' id='word_1_304' title='bbox 506 3998 637 4069; x_wconf 77' lang='grc' dir='ltr'>Καίσαρος</span> <span class='ocrx_word' id='word_1_305' title='bbox 662 3995 728 4052; x_wconf 77' lang='lat' dir='ltr'>clara</span> <span class='ocrx_word' id='word_1_306' title='bbox 754 4000 805 4065; x_wconf 76' lang='lat' dir='ltr'>[aul</span> <span class='ocrx_word' id='word_1_307' title='bbox 827 3992 870 4051; x_wconf 77' lang='lat' dir='ltr'>riu</span> <span class='ocrx_word' id='word_1_308' title='bbox 893 3999 936 4051; x_wconf 76' lang='grc' dir='ltr'>τοῦ</span> <span class='ocrx_word' id='word_1_309' title='bbox 961 3998 1075 4068; x_wconf 71' lang='grc' dir='ltr'>ἀδελφοῦ</span> <span class='ocrx_word' id='word_1_310' title='bbox 1098 3995 1172 4052; x_wconf 70' lang='lat' dir='ltr'>alictii</span> <span class='ocrx_word' id='word_1_311' title='bbox 1190 3997 1304 4070; x_wconf 74' lang='grc' dir='ltr'>Νίρωνος</span> <span class='ocrx_word' id='word_1_312' title='bbox 1323 3991 1453 4068; x_wconf 70' lang='grc' dir='ltr'>Δρούσου]</span> 
     </span>
     <span class='ocr_line' id='line_1_32' title="bbox 121 4081 1453 4167; baseline 0.001 -25"><span class='ocrx_word' id='word_1_313' title='bbox 121 4082 164 4142; x_wconf 72' lang='lat' dir='ltr'>deri</span> <span class='ocrx_word' id='word_1_314' title='bbox 187 4085 279 4152; x_wconf 67' lang='lat' dir='ltr'>naaria</span> <span class='ocrx_word' id='word_1_315' title='bbox 305 4085 446 4156; x_wconf 76' lang='grc' dir='ltr'><strong>εὖσεβοῧσα</strong></span> <span class='ocrx_word' id='word_1_316' title='bbox 470 4089 686 4163; x_wconf 61' lang='grc' dir='ltr'>συγκαθιέρωσῂ]</span> <span class='ocrx_word' id='word_1_317' title='bbox 710 4093 742 4167; x_wconf 73' lang='grc' dir='ltr'>τῇ</span> <span class='ocrx_word' id='word_1_318' title='bbox 761 4083 875 4144; x_wconf 66' lang='grc' dir='ltr'>Πολιάδι</span> <span class='ocrx_word' id='word_1_319' title='bbox 893 4087 993 4160; x_wconf 73' lang='grc' dir='ltr'>Ἀθηνᾷ</span> <span class='ocrx_word' id='word_1_320' title='bbox 1012 4083 1114 4161; x_wconf 71' lang='grc' dir='ltr'><strong>ἔγαλμα</strong></span> <span class='ocrx_word' id='word_1_321' title='bbox 1132 4091 1173 4151; x_wconf 67' lang='lat' dir='ltr'>riq</span> <span class='ocrx_word' id='word_1_322' title='bbox 1200 4081 1291 4162; x_wconf 70' lang='grc' dir='ltr'>μητρδς</span> <span class='ocrx_word' id='word_1_323' title='bbox 1309 4085 1386 4143; x_wconf 70' lang='lat' dir='ltr'>ariade</span> <span class='ocrx_word' id='word_1_324' title='bbox 1405 4127 1453 4144; x_wconf 86' lang='lat'>...</span> 
     </span>
     <span class='ocr_line' id='line_1_33' title="bbox 122 4174 1453 4255; baseline 0.002 -23"><span class='ocrx_word' id='word_1_325' title='bbox 122 4219 305 4235; x_wconf 88' lang='grc'><strong><em>..........</em></strong></span> <span class='ocrx_word' id='word_1_326' title='bbox 333 4181 544 4255; x_wconf 76' lang='grc' dir='ltr'>[παραλαβῙοῦσα</span> <span class='ocrx_word' id='word_1_327' title='bbox 573 4175 640 4255; x_wconf 75' lang='lat' dir='ltr'>nepai</span> <span class='ocrx_word' id='word_1_328' title='bbox 669 4186 712 4251; x_wconf 76' lang='grc' dir='ltr'>τῆς</span> <span class='ocrx_word' id='word_1_329' title='bbox 739 4177 835 4244; x_wconf 57' lang='lat' dir='ltr'>rahans</span> <span class='ocrx_word' id='word_1_330' title='bbox 865 4180 986 4255; x_wconf 78' lang='grc' dir='ltr'>ἴερητείαν</span> <span class='ocrx_word' id='word_1_331' title='bbox 1014 4181 1124 4254; x_wconf 51' lang='lat' dir='ltr'>aivald.</span> <span class='ocrx_word' id='word_1_332' title='bbox 1168 4187 1233 4238; x_wconf 82' lang='lat' dir='ltr'>Mox</span> <span class='ocrx_word' id='word_1_333' title='bbox 1264 4187 1356 4237; x_wconf 89' lang='lat' dir='ltr'>dicitur</span> <span class='ocrx_word' id='word_1_334' title='bbox 1383 4174 1453 4254; x_wconf 70' lang='lat' dir='ltr'>lapsis</span> 
     </span>
     <span class='ocr_line' id='line_1_34' title="bbox 123 4267 1455 4358; baseline 0 -32"><span class='ocrx_word' id='word_1_335' title='bbox 123 4275 258 4358; x_wconf 58' lang='grc' dir='ltr'>ξιβαστῆς</span> <span class='ocrx_word' id='word_1_336' title='bbox 277 4267 441 4347; x_wconf 76' lang='grc' dir='ltr'>Νεικηψὸρου.</span> <span class='ocrx_word' id='word_1_337' title='bbox 479 4279 560 4330; x_wconf 88' lang='lat' dir='ltr'>Drusi</span> <span class='ocrx_word' id='word_1_338' title='bbox 579 4295 673 4330; x_wconf 89' lang='lat' dir='ltr'>nomen</span> <span class='ocrx_word' id='word_1_339' title='bbox 698 4289 726 4330; x_wconf 89' lang='lat' dir='ltr'>ut</span> <span class='ocrx_word' id='word_1_340' title='bbox 745 4282 904 4346; x_wconf 88' lang='lat' dir='ltr'>suppleatur,</span> <span class='ocrx_word' id='word_1_341' title='bbox 931 4281 1048 4346; x_wconf 87' lang='lat' dir='ltr'>flagitant</span> <span class='ocrx_word' id='word_1_342' title='bbox 1066 4295 1131 4345; x_wconf 87' lang='lat' dir='ltr'>quae</span> <span class='ocrx_word' id='word_1_343' title='bbox 1151 4287 1290 4346; x_wconf 87' lang='lat' dir='ltr'>sequuntur</span> <span class='ocrx_word' id='word_1_344' title='bbox 1308 4280 1388 4329; x_wconf 79' lang='lat' dir='ltr'>rerba</span> <span class='ocrx_word' id='word_1_345' title='bbox 1411 4277 1455 4343; x_wconf 77' lang='grc' dir='ltr'>τῆς</span> 
     </span>
     <span class='ocr_line' id='line_1_35' title="bbox 123 4358 319 4439; baseline 0 -20"><span class='ocrx_word' id='word_1_346' title='bbox 123 4358 215 4439; x_wconf 65' lang='grc' dir='ltr'>μητρὶς</span> <span class='ocrx_word' id='word_1_347' title='bbox 231 4363 319 4424; x_wconf 68' lang='grc' dir='ltr'><strong><em>αὐτῶν.</em></strong></span> 
     </span>
    </p>

    <p class='ocr_par' dir='ltr' id='par_1_7' title="bbox 119 4463 1452 4806">
     <span class='ocr_line' id='line_1_36' title="bbox 197 4463 1451 4531; baseline -0.001 -18"><span class='ocrx_word' id='word_1_348' title='bbox 197 4463 222 4526; x_wconf 80' lang='lat'>³)</span> <span class='ocrx_word' id='word_1_349' title='bbox 248 4465 288 4514; x_wconf 90' lang='lat' dir='ltr'>Eo</span> <span class='ocrx_word' id='word_1_350' title='bbox 309 4463 379 4513; x_wconf 85' lang='lat' dir='ltr'>ducit</span> <span class='ocrx_word' id='word_1_351' title='bbox 398 4473 424 4512; x_wconf 90' lang='lat' dir='ltr'>et</span> <span class='ocrx_word' id='word_1_352' title='bbox 443 4464 511 4528; x_wconf 90' lang='lat' dir='ltr'>quod</span> <span class='ocrx_word' id='word_1_353' title='bbox 531 4465 584 4529; x_wconf 91' lang='lat' dir='ltr'>ipse</span> <span class='ocrx_word' id='word_1_354' title='bbox 604 4465 745 4530; x_wconf 87' lang='lat' dir='ltr'>imperator</span> <span class='ocrx_word' id='word_1_355' title='bbox 764 4465 897 4531; x_wconf 89' lang='lat' dir='ltr'>hipparchi</span> <span class='ocrx_word' id='word_1_356' title='bbox 917 4466 1002 4515; x_wconf 88' lang='lat' dir='ltr'>locum</span> <span class='ocrx_word' id='word_1_357' title='bbox 1017 4466 1104 4530; x_wconf 86' lang='lat' dir='ltr'>Cyzici</span> <span class='ocrx_word' id='word_1_358' title='bbox 1125 4465 1236 4515; x_wconf 90' lang='lat' dir='ltr'>obtinuit</span> <span class='ocrx_word' id='word_1_359' title='bbox 1255 4473 1308 4514; x_wconf 90' lang='lat' dir='ltr'>tum</span> <span class='ocrx_word' id='word_1_360' title='bbox 1329 4480 1387 4515; x_wconf 90' lang='lat' dir='ltr'>eum</span> <span class='ocrx_word' id='word_1_361' title='bbox 1407 4463 1451 4512; x_wconf 90' lang='lat' dir='ltr'>de-</span> 
     </span>
     <span class='ocr_line' id='line_1_37' title="bbox 120 4546 1451 4624; baseline -0.002 -18"><span class='ocrx_word' id='word_1_362' title='bbox 120 4563 217 4607; x_wconf 87' lang='lat' dir='ltr'>cretum</span> <span class='ocrx_word' id='word_1_363' title='bbox 242 4557 338 4606; x_wconf 84' lang='lat' dir='ltr'>factum</span> <span class='ocrx_word' id='word_1_364' title='bbox 364 4565 402 4605; x_wconf 85' lang='lat' dir='ltr'>est</span> <span class='ocrx_word' id='word_1_365' title='bbox 427 4563 451 4606; x_wconf 88' lang='lat' dir='ltr'>et</span> <span class='ocrx_word' id='word_1_366' title='bbox 477 4556 610 4607; x_wconf 83' lang='lat' dir='ltr'>universus</span> <span class='ocrx_word' id='word_1_367' title='bbox 641 4565 715 4607; x_wconf 90' lang='lat' dir='ltr'>tenor</span> <span class='ocrx_word' id='word_1_368' title='bbox 737 4558 799 4608; x_wconf 89' lang='lat' dir='ltr'>eins.</span> <span class='ocrx_word' id='word_1_369' title='bbox 843 4558 958 4608; x_wconf 80' lang='lat' dir='ltr'>Drusilla</span> <span class='ocrx_word' id='word_1_370' title='bbox 983 4559 1052 4624; x_wconf 87' lang='lat' dir='ltr'>quod</span> <span class='ocrx_word' id='word_1_371' title='bbox 1080 4557 1187 4610; x_wconf 88' lang='lat' dir='ltr'>Graecis</span> <span class='ocrx_word' id='word_1_372' title='bbox 1213 4559 1308 4608; x_wconf 89' lang='lat' dir='ltr'>dicitur</span> <span class='ocrx_word' id='word_1_373' title='bbox 1332 4546 1384 4606; x_wconf 70' lang='grc' dir='ltr'>θεὲ</span> <span class='ocrx_word' id='word_1_374' title='bbox 1409 4551 1451 4604; x_wconf 79' lang='lat' dir='ltr'>via</span> 
     </span>
     <span class='ocr_line' id='line_1_38' title="bbox 119 4639 1452 4716; baseline 0 -18"><span class='ocrx_word' id='word_1_375' title='bbox 119 4639 270 4714; x_wconf 75' lang='grc' dir='ltr'>Ἀψροδείτη</span> <span class='ocrx_word' id='word_1_376' title='bbox 291 4655 389 4697; x_wconf 88' lang='lat' dir='ltr'>tantum</span> <span class='ocrx_word' id='word_1_377' title='bbox 408 4649 492 4710; x_wconf 86' lang='lat' dir='ltr'>abest,</span> <span class='ocrx_word' id='word_1_378' title='bbox 519 4657 546 4698; x_wconf 90' lang='lat' dir='ltr'>ut</span> <span class='ocrx_word' id='word_1_379' title='bbox 565 4651 720 4700; x_wconf 88' lang='lat' dir='ltr'>contrarium</span> <span class='ocrx_word' id='word_1_380' title='bbox 739 4651 844 4715; x_wconf 86' lang='lat' dir='ltr'>probet,</span> <span class='ocrx_word' id='word_1_381' title='bbox 870 4659 898 4699; x_wconf 90' lang='lat' dir='ltr'>ut</span> <span class='ocrx_word' id='word_1_382' title='bbox 917 4652 988 4700; x_wconf 83' lang='lat' dir='ltr'>rivae</span> <span class='ocrx_word' id='word_1_383' title='bbox 1008 4651 1035 4700; x_wconf 90' lang='lat' dir='ltr'>id</span> <span class='ocrx_word' id='word_1_384' title='bbox 1054 4653 1135 4716; x_wconf 87' lang='lat' dir='ltr'>magis</span> <span class='ocrx_word' id='word_1_385' title='bbox 1155 4652 1292 4700; x_wconf 84' lang='lat' dir='ltr'>conveniat</span> <span class='ocrx_word' id='word_1_386' title='bbox 1310 4665 1387 4715; x_wconf 89' lang='lat' dir='ltr'>quam</span> <span class='ocrx_word' id='word_1_387' title='bbox 1408 4648 1452 4698; x_wconf 89' lang='lat' dir='ltr'>de-</span> 
     </span>
     <span class='ocr_line' id='line_1_39' title="bbox 122 4738 890 4806; baseline 0.004 -17"><span class='ocrx_word' id='word_1_388' title='bbox 122 4740 233 4790; x_wconf 79' lang='lat' dir='ltr'>functae.</span> <span class='ocrx_word' id='word_1_389' title='bbox 267 4738 339 4791; x_wconf 86' lang='lat' dir='ltr'>Obiit</span> <span class='ocrx_word' id='word_1_390' title='bbox 358 4747 443 4790; x_wconf 85' lang='lat' dir='ltr'>autom</span> <span class='ocrx_word' id='word_1_391' title='bbox 462 4756 531 4792; x_wconf 91' lang='lat' dir='ltr'>anno</span> <span class='ocrx_word' id='word_1_392' title='bbox 550 4741 609 4792; x_wconf 84' lang='lat' dir='ltr'>Gaii</span> <span class='ocrx_word' id='word_1_393' title='bbox 629 4742 741 4792; x_wconf 87' lang='lat' dir='ltr'>seeundo</span> <span class='ocrx_word' id='word_1_394' title='bbox 761 4759 786 4806; x_wconf 92' lang='lat' dir='ltr'>p.</span> <span class='ocrx_word' id='word_1_395' title='bbox 801 4743 831 4792; x_wconf 88' lang='lat' dir='ltr'>C.</span> <span class='ocrx_word' id='word_1_396' title='bbox 846 4743 890 4792; x_wconf 83' lang='lat'>38.</span> 
     </span>
    </p>

    <p class='ocr_par' dir='ltr' id='par_1_8' title="bbox 120 4823 1452 5180">
     <span class='ocr_line' id='line_1_40' title="bbox 196 4823 1450 4904; baseline 0 -22"><span class='ocrx_word' id='word_1_397' title='bbox 196 4828 221 4892; x_wconf 84' lang='lat'>⁴)</span> <span class='ocrx_word' id='word_1_398' title='bbox 246 4833 343 4894; x_wconf 87' lang='lat' dir='ltr'>Mater,</span> <span class='ocrx_word' id='word_1_399' title='bbox 370 4841 398 4882; x_wconf 91' lang='lat' dir='ltr'>ut</span> <span class='ocrx_word' id='word_1_400' title='bbox 417 4834 453 4882; x_wconf 90' lang='lat' dir='ltr'>ait</span> <span class='ocrx_word' id='word_1_401' title='bbox 471 4835 601 4884; x_wconf 88' lang='lat' dir='ltr'>decretum</span> <span class='ocrx_word' id='word_1_402' title='bbox 621 4835 742 4895; x_wconf 88' lang='lat' dir='ltr'>alterum,</span> <span class='ocrx_word' id='word_1_403' title='bbox 767 4823 856 4896; x_wconf 63' lang='grc' dir='ltr'>ταύτην</span> <span class='ocrx_word' id='word_1_404' title='bbox 876 4833 1018 4899; x_wconf 84' lang='lat' dir='ltr'>(Cyzicum)</span> <span class='ocrx_word' id='word_1_405' title='bbox 1038 4826 1143 4904; x_wconf 72' lang='grc' dir='ltr'>ἥγημὲνη</span> <span class='ocrx_word' id='word_1_406' title='bbox 1162 4829 1270 4903; x_wconf 75' lang='grc' dir='ltr'>πατρίδα</span> <span class='ocrx_word' id='word_1_407' title='bbox 1291 4828 1357 4883; x_wconf 76' lang='grc' dir='ltr'><strong>οἴκου</strong></span> <span class='ocrx_word' id='word_1_408' title='bbox 1376 4850 1403 4882; x_wconf 84' lang='grc' dir='ltr'>τι</span> <span class='ocrx_word' id='word_1_409' title='bbox 1422 4826 1450 4882; x_wconf 80' lang='lat' dir='ltr'>ri</span> 
     </span>
     <span class='ocr_line' id='line_1_41' title="bbox 120 4914 1452 4996; baseline 0.005 -24"><span class='ocrx_word' id='word_1_410' title='bbox 120 4920 235 4989; x_wconf 71' lang='grc' dir='ltr'><strong>ἰῴίστιον</strong></span> <span class='ocrx_word' id='word_1_411' title='bbox 260 4917 301 4974; x_wconf 80' lang='lat' dir='ltr'>aral</span> <span class='ocrx_word' id='word_1_412' title='bbox 331 4919 389 4986; x_wconf 78' lang='grc' dir='ltr'><strong>βίου</strong></span> <span class='ocrx_word' id='word_1_413' title='bbox 412 4914 442 4973; x_wconf 75' lang='lat' dir='ltr'>ri</span> <span class='ocrx_word' id='word_1_414' title='bbox 467 4915 614 4996; x_wconf 75' lang='grc' dir='ltr'><strong>εὐτῦχ[ημα</strong></span> <span class='ocrx_word' id='word_1_415' title='bbox 632 4914 809 4995; x_wconf 66' lang='grc' dir='ltr'>ἀνεμι]σῆτοις</span> <span class='ocrx_word' id='word_1_416' title='bbox 831 4916 1044 4994; x_wconf 71' lang='lat' dir='ltr'>ridutpovn&#39;oaura</span> <span class='ocrx_word' id='word_1_417' title='bbox 1066 4925 1153 4977; x_wconf 76' lang='lat' dir='ltr'>riarum</span> <span class='ocrx_word' id='word_1_418' title='bbox 1172 4923 1318 4991; x_wconf 77' lang='grc' dir='ltr'>βασιλιίαις</span> <span class='ocrx_word' id='word_1_419' title='bbox 1342 4925 1452 4978; x_wconf 58' lang='lat' dir='ltr'>inscide</span> 
     </span>
     <span class='ocr_line' id='line_1_42' title="bbox 121 5007 1448 5088; baseline 0.004 -25"><span class='ocrx_word' id='word_1_420' title='bbox 121 5009 231 5084; x_wconf 72' lang='grc' dir='ltr'>ἵδρυται.</span> <span class='ocrx_word' id='word_1_421' title='bbox 269 5017 331 5068; x_wconf 71' lang='lat' dir='ltr'>llilii</span> <span class='ocrx_word' id='word_1_422' title='bbox 350 5033 381 5068; x_wconf 87' lang='lat' dir='ltr'>eo</span> <span class='ocrx_word' id='word_1_423' title='bbox 400 5019 540 5070; x_wconf 86' lang='lat' dir='ltr'>adveniunt</span> <span class='ocrx_word' id='word_1_424' title='bbox 560 5015 613 5088; x_wconf 76' lang='grc' dir='ltr'>οὐχ</span> <span class='ocrx_word' id='word_1_425' title='bbox 632 5009 662 5075; x_wconf 77' lang='lat' dir='ltr'>uir</span> <span class='ocrx_word' id='word_1_426' title='bbox 682 5016 716 5074; x_wconf 74' lang='grc' dir='ltr'>εἰς</span> <span class='ocrx_word' id='word_1_427' title='bbox 734 5012 811 5085; x_wconf 68' lang='grc' dir='ltr'>φίλην</span> <span class='ocrx_word' id='word_1_428' title='bbox 831 5007 912 5086; x_wconf 71' lang='grc' dir='ltr'><strong><em>μόνον,</em></strong></span> <span class='ocrx_word' id='word_1_429' title='bbox 934 5009 1007 5070; x_wconf 59' lang='grc' dir='ltr'>ἀλλὰ</span> <span class='ocrx_word' id='word_1_430' title='bbox 1030 5017 1071 5069; x_wconf 79' lang='lat' dir='ltr'>aul</span> <span class='ocrx_word' id='word_1_431' title='bbox 1096 5010 1126 5078; x_wconf 70' lang='lat' dir='ltr'>oie</span> <span class='ocrx_word' id='word_1_432' title='bbox 1147 5019 1181 5077; x_wconf 75' lang='lat' dir='ltr'>ala</span> <span class='ocrx_word' id='word_1_433' title='bbox 1204 5017 1307 5088; x_wconf 75' lang='grc' dir='ltr'><strong><em>γνησίαν</em></strong></span> <span class='ocrx_word' id='word_1_434' title='bbox 1329 5012 1448 5088; x_wconf 68' lang='grc' dir='ltr'>κατρίδα.</span> 
     </span>
     <span class='ocr_line' id='line_1_43' title="bbox 123 5095 880 5180; baseline 0 -21"><span class='ocrx_word' id='word_1_435' title='bbox 123 5108 219 5160; x_wconf 83' lang='lat' dir='ltr'>Omnes</span> <span class='ocrx_word' id='word_1_436' title='bbox 239 5119 362 5175; x_wconf 80' lang='lat' dir='ltr'>rogantur</span> <span class='ocrx_word' id='word_1_437' title='bbox 380 5104 447 5159; x_wconf 68' lang='grc' dir='ltr'><em>ἰδίαν</em></span> <span class='ocrx_word' id='word_1_438' title='bbox 467 5102 590 5180; x_wconf 64' lang='grc' dir='ltr'>ἡγεῖσθαι</span> <span class='ocrx_word' id='word_1_439' title='bbox 609 5105 718 5178; x_wconf 78' lang='grc' dir='ltr'>πατρίδα</span> <span class='ocrx_word' id='word_1_440' title='bbox 736 5095 779 5172; x_wconf 61' lang='grc' dir='ltr'>τὴν</span> <span class='ocrx_word' id='word_1_441' title='bbox 797 5098 880 5160; x_wconf 60' lang='grc' dir='ltr'>πᾶλιν.</span> 
     </span>
    </p>

    <p class='ocr_par' dir='ltr' id='par_1_9' title="bbox 196 5198 428 5264">
     <span class='ocr_line' id='line_1_44' title="bbox 196 5198 428 5264; baseline 0.013 -14"><span class='ocrx_word' id='word_1_442' title='bbox 196 5198 219 5264; x_wconf 83' lang='lat'>⁵)</span> <span class='ocrx_word' id='word_1_443' title='bbox 245 5201 300 5250; x_wconf 82' lang='lat' dir='ltr'>nro</span> <span class='ocrx_word' id='word_1_444' title='bbox 320 5203 363 5264; x_wconf 82' lang='lat' dir='ltr'>ss,</span> <span class='ocrx_word' id='word_1_445' title='bbox 385 5204 428 5253; x_wconf 88' lang='lat' dir='ltr'>so.</span> 
     </span>
    </p>
   </div>
   <div class='ocr_carea' id='block_1_5' title="bbox 0 0 1774 5828">
    <p class='ocr_par' dir='ltr' id='par_1_10' title="bbox 0 0 1774 5828">
     <span class='ocr_line' id='line_1_45' title="bbox 0 0 1774 5828; baseline 0 6"><span class='ocrx_word' id='word_1_446' title='bbox 0 0 1774 5828; x_wconf 95' lang='lat' dir='ltr'> </span> 
     </span>
    </p>
   </div>
  </div>
 </body>
</html>
