3466 5820
401 512 455 565 so.
476 513 525 564 nn
543 513 726 566 uvumurs
745 513 884 566 annuus
901 513 1121 566 anavuusrs.
1343 493 1415 566 279

93 691 225 746 reamini
249 706 300 745 suo
318 687 482 764 postularet
502 698 553 746 aut
574 689 675 748 bellum
696 689 894 766 inexplicabile
914 693 1099 750 minitaretur.
1143 687 1211 748 Non
1230 689 1306 748 alias
1328 693 1419 766 napis

92 808 147 850 sua
164 790 322 866 populique
343 791 466 850 Romani
488 793 655 851 contumelia
676 792 830 851 indoluisse
855 790 1006 850 Caesarea
1026 794 1136 868 suunt,
1169 811 1253 868 quam
1274 795 1352 869 quod
1371 793 1419 849 de·

93 903 185 952 sertor
208 903 234 951 et
249 895 361 968 praedo
384 895 504 952 bostium
526 913 602 954 more
623 906 726 972 aperet.
770 895 816 953 Ne
837 894 982 970 Spartaco
1004 895 1114 972 quidem
1137 906 1207 971 post
1227 904 1267 954 tot
1288 895 1419 956 consula·

92 999 168 1054 mum
189 1001 357 1054 exercituum
379 998 474 1056 clades
496 1000 617 1056 inultam
639 999 759 1056 ltaliam
780 1002 879 1069 arena,
909 1016 1082 1074 quamquam
1105 995 1229 1056 Sertorii
1253 1007 1337 1074 atque
1359 997 1419 1056 Ml·

96 1099 230 1172 tlridatie
245 1100 403 1174 inpertitus
426 1101 508 1158 bellis
529 1101 639 1160 labaret
660 1119 704 1158 res
722 1101 851 1176 publica,
875 1102 981 1171 datum,
1003 1111 1034 1158 ut
1051 1110 1136 1175 pacto
1158 1103 1188 1157 in
1203 1101 1289 1176 fidem
1310 1103 1417 1176 accipe·

96 1211 189 1260 retur:
210 1202 311 1260 nedum
329 1202 520 1277 pulcherrimo
541 1205 642 1279 populi
656 1203 780 1262 Romani
794 1205 915 1278 suscipio
931 1203 1005 1261 latro
1024 1203 1195 1278 Tacfarinas
1213 1220 1286 1279 pace
1308 1211 1335 1260 et
1355 1220 1419 1260 con·

95 1307 219 1362 cessione
241 1322 377 1379 aprorum
398 1306 590 1364 redimeretur.
634 1307 698 1363 Dat
718 1308 860 1382 nepotium
880 1304 1000 1376 Blaeso,
1022 1315 1125 1364 ceteros
1149 1306 1262 1380 quidem
1283 1306 1324 1363 ad
1343 1324 1420 1381 spem

91 1407 245 1482 proliceret
265 1425 347 1466 arom
370 1410 430 1466 sine
450 1427 526 1466 noea
544 1410 681 1484 ponendi,
702 1412 794 1484 ipsius
817 1417 908 1466 autem
930 1409 1010 1466 ducis
1033 1409 1246 1483 quoquomodo
1264 1417 1418 1483 poteretur.

95 1509 181 1566 Itane
202 1507 293 1568 vero?
337 1509 470 1568 Eaedem
495 1520 613 1586 gentes,
642 1529 719 1586 quae
745 1510 822 1568 ultro
846 1510 957 1568 ballum
978 1509 1122 1580 inferunt,
1151 1509 1220 1566 vivo
1241 1495 1325 1568 tant'o
1347 1509 1420 1568 duce

95 1629 159 1669 eam
193 1612 231 1669 ob
264 1630 385 1670 causam
418 1613 456 1670 ab
485 1613 575 1670 armis
604 1613 762 1672 discedunt
790 1613 870 1689 quod
896 1612 1026 1670 Romani
1053 1614 1096 1670 eis
1126 1611 1306 1690 ignoscunt?
1350 1609 1420 1672 Sine

95 1713 185 1770 dubio
207 1713 244 1784 ii,
272 1714 323 1789 qui
348 1733 432 1772 arma
460 1723 635 1791 posuerunt,
659 1733 793 1791 eaquae
816 1723 1016 1790 poposcerant
1037 1716 1189 1774 consecuti
1211 1726 1294 1786 sunt,
1323 1714 1353 1772 id
1375 1723 1421 1773 est

95 1815 276 1874 territorium
304 1816 383 1874 intra
410 1817 593 1892 provinciam
624 1817 672 1876 ubi
700 1818 880 1875 habitarent:
913 1837 981 1876 nam
1010 1817 1198 1876 Musulamiis
1226 1817 1336 1875 saltum
1364 1816 1420 1874 Be-

94 1935 236 1994 guensem
259 1917 471 1994 planitiemque
494 1919 695 1978 subiacentem
719 1920 829 1978 tributa
850 1937 919 1978 esse
941 1939 979 1979 ex
1001 1926 1192 2002 monumento
1218 1918 1254 1976 de
1277 1937 1337 1995 quo
1358 1919 1421 1996 agi-

93 2037 162 2078 mus
184 2019 317 2081 discitur.
361 2020 485 2079 Tacitus
517 2041 579 2078 rem
611 2022 653 2080 ita
686 2031 788 2080 narrat
820 2031 852 2080 ut
882 2023 913 2079 in
945 2029 1012 2082 acta
1038 2023 1158 2098 publica
1185 2021 1280 2080 relata
1305 2021 1421 2080 videtur

93 2122 190 2180 luisse
212 2141 308 2198 neque
329 2123 494 2195 intellexit,
527 2143 580 2182 cur
602 2124 741 2182 Tiberius
763 2124 865 2182 Blaesi
887 2143 935 2182 res
958 2134 1058 2202 gestas
1085 2124 1312 2199 triumphalibus
1334 2143 1420 2182 orna-

94 2227 203 2282 mentis
229 2245 288 2283 non
314 2225 402 2284 nimis
430 2226 536 2302 dignas
564 2227 757 2285 existimaret.
801 2227 851 2284 Ad
879 2227 955 2285 hanc
976 2227 1225 2286 Musulamiorum
1253 2228 1422 2302 partemin

93 2327 278 2402 provinciam
300 2329 542 2405 proconsularem
566 2339 713 2407 receptam
737 2329 854 2388 videtur
880 2330 1027 2406 pertinere
1055 2329 1135 2405 quod
1157 2349 1236 2388 anno
1259 2329 1298 2387 24
1320 2348 1422 2388 narra-

94 2439 152 2499 tur,
175 2430 365 2488 Dolabellam
384 2435 533 2506 principec
556 2432 794 2490 Musulamiorum
816 2433 994 2505 depectionem
1016 2441 1174 2508 coeptantes
1197 2435 1288 2494 securi
1306 2451 1420 2507 perores-

93 2533 222 2608 eisee¹)‚
249 2533 355 2590 deinde
377 2534 428 2608 qui
451 2533 530 2608 apud
551 2531 717 2609 Pliniumt)
741 2544 810 2610 post
832 2533 1014 2610 Capsitanos
1036 2543 1304 2593 commemorantur
1319 2535 1421 2606 Musu-

32 2629 37 2638 '
93 2636 164 2693 lami
185 2636 262 2693 inter
284 2639 420 2706 ciuitates,
446 2655 519 2712 quae
541 2640 623 2694 etiam
643 2639 773 2694 nationes
795 2641 857 2696 iure
878 2639 936 2697 dici
954 2646 1083 2712 possunt,
1113 2636 1241 2712 denique
1257 2640 1421 2713 praefectus

92 2741 185 2813 pensis
207 2737 448 2795 Musulamiorum
470 2738 548 2796 tituli
571 2736 714 2796 Calamus
736 2740 902 2816 repertiss),
936 2759 1002 2798 cum
1024 2759 1130 2798 manus
1152 2739 1206 2798 illa
1228 2739 1421 2798 Musulamio-

91 2859 158 2897 rum
181 2859 271 2914 quam
294 2839 397 2898 Victor
419 2841 475 2898 snb
497 2841 676 2918 imperatore
699 2840 865 2918 Claudiae)
889 2862 1007 2902 caesam
1030 2851 1140 2912 narrat,
1163 2861 1265 2900 eorum
1287 2842 1423 2900 videatur

93 2942 189 3000 fuisse
211 2943 262 3017 qui
285 2943 314 3001 in
337 2943 489 3001 veteribus
513 2943 634 3002 sedibus
656 2957 868 3004 remanserant.
912 2945 1082 3022 Praefectus
1104 2945 1226 3004 cohortis
1248 2945 1269 3002 I
1287 2944 1422 3004 Musula·

94 3047 213 3103 mierum
236 3045 266 3102 in
288 3045 476 3103 Mauretania
498 3047 628 3104 occurrit
649 3048 679 3103 in
702 3048 789 3105 titulo
811 3043 1074 3123 Tubursioeusi5).

178 3146 230 3205 Ius
253 3147 451 3206 nundinarum
472 3149 721 3208 instituendarum
744 3151 855 3226 petitur
877 3171 895 3208 a
917 3157 1032 3208 senatu.
1076 3149 1125 3207 Ita
1147 3148 1225 3225 apud
1252 3148 1421 3225 Pliniume)

95 3268 213 3326 quoque
240 3249 287 3308 vir
311 3251 479 3326 praetorius
510 3269 527 3308 a
554 3260 659 3310 senatu
688 3253 771 3328 petit,
805 3261 838 3309 ut
860 3253 917 3311 sibi
939 3253 1095 3312 instituere
1117 3252 1266 3312 nundinas
1289 3252 1319 3310 in
1341 3251 1422 3330 agris

95 3353 160 3411 suis
182 3371 277 3430 prope
298 3351 444 3411 Vicetiam
466 3354 534 3412 sitis
557 3355 755 3430 permittatur,
777 3373 873 3431 neque
896 3355 956 3413 alia
983 3373 1032 3414 res
1055 3375 1073 3414 a
1096 3353 1281 3429 Suetoniot)
1310 3353 1423 3430 siguifi-

94 3463 187 3526 catur,
214 3455 265 3512 ubi
285 3455 494 3530 imperatorem
512 3455 668 3515 Claudium
690 3457 736 3516 ius
759 3458 959 3516 nundinarum
981 3458 1011 3515 in
1032 3458 1152 3534 privata
1173 3456 1295 3532 praedia
1316 3475 1334 3514 a
1355 3474 1422 3514 con-

94 3558 210 3616 sulibus
237 3557 362 3634 petiisse
389 3558 488 3630 refert,
522 3559 564 3617 ita
590 3560 710 3634 quidem
736 3568 768 3618 ut
795 3560 816 3617 ii
844 3560 1019 3618 relationem
1046 3559 1085 3617 ad
1117 3568 1252 3618 senatum
1280 3559 1422 3616 facerent.

96 3658 210 3719 Contra
236 3661 266 3718 iu
293 3661 450 3736 provincia
472 3660 562 3738 Syria
588 3671 618 3720 ct
640 3662 796 3720 Pannonia
823 3663 976 3740 superiore
1003 3663 1040 3720 ab
1067 3663 1245 3737 imperatore
1271 3660 1349 3718 idem
1376 3660 1423 3718 ius

174 4079 197 4141 ¹)
226 4081 289 4130 Tac.
310 4081 379 4129 Anu.
400 4081 424 4139 4,
448 4082 491 4129 24.

172 4170 197 4234 ²)
224 4174 290 4222 Hist.
310 4179 362 4221 nat.
384 4173 408 4234 5,
430 4174 454 4234 4,
475 4173 517 4222 30.
1263 4191 1264 4196 ¹

172 4262 196 4326 ³)
223 4265 319 4315 Renier
330 4265 391 4315 Rea.
406 4265 477 4315 2715
496 4263 524 4314 Y.
538 4262 633 4316 Flauio
653 4263 680 4315 T.
693 4266 719 4330 s.
735 4263 806 4324 Que'r.
821 4264 956 4316 Maeroll
965 4266 1043 4328 virle)
1055 4265 1160 4332 flamini
1172 4273 1296 4334 perpetuo
1311 4266 1424 4316 Ammae-

93 4356 244 4418 dareneium,
266 4356 418 4424 praejlecta)
437 4359 518 4423 pontis
536 4356 751 4421 Musulamiorum,
780 4361 895 4409 curatori
910 4359 1034 4424 frumenti
1051 4359 1216 4428 comparandi
1233 4361 1259 4408 in
1279 4357 1424 4424 annona[m]

93 4449 166 4501 urbis
184 4450 259 4515 sactu
279 4449 373 4500 adico
392 4447 481 4500 Nerua
505 4449 626 4513 Traiano,
648 4450 835 4518 proc(urctore)
856 4451 986 4518 Aup(nete)
1002 4451 1166 4520 praediorum
1185 4452 1293 4502 saltuum
1312 4468 1425 4518 ...po-

91 4544 187 4596 ne'errst's
210 4541 265 4604 [vix
285 4539 469 4609 Hipponensis]
494 4551 518 4592 et
541 4542 564 4592 T
562 4542 691 4605 beeieetini,
714 4546 878 4611 promeratore'
896 4544 1026 4611 liupaton)
1047 4546 1197 4612 prouinciae
1222 4543 1337 4596 Siclliae.
1376 4545 1425 4594 Hic

92 4637 239 4704 praelectus
258 4637 341 4700 gentis
358 4625 435 4686 ‘nullo
456 4637 580 4686 etiamtum
598 4635 695 4685 urbium
715 4630 789 4687 cultu’
808 4639 1001 4702 componendus
1021 4647 1059 4688 est
1079 4655 1136 4689 cum
1154 4639 1289 4704 praefectis
1308 4637 1422 4704 gentium

90 4728 258 4793 Alpinarum,
280 4728 419 4778 ciuitatium
439 4730 556 4779 Moesiae
576 4737 601 4778 et
621 4729 768 4794 Trebellius
788 4731 894 4796 aliisque
913 4731 1049 4782 similibus.

172 4817 196 4881 ⁴)
223 4821 291 4869 Aur.
309 4821 401 4870 Victor
421 4821 545 4872 Claudius
565 4824 610 4884 4‚2
630 4823 689 4887 epit.
711 4823 765 4886 t‚5.

172 4911 196 4974 ⁵)
226 4912 505 4964 RenierRec·'2971.

172 5002 197 5066 ⁶)
225 5007 307 5069 Epist„
329 5005 354 5066 5,
374 5007 401 5055 4.

172 5091 196 5158 ¹)
226 5098 348 5148 Claudius
370 5100 411 5149 12.
