<?xml version="1.0" encoding="UTF-8"?>
<!DOCTYPE html PUBLIC "-//W3C//DTD XHTML 1.0 Transitional//EN"
    "http://www.w3.org/TR/xhtml1/DTD/xhtml1-transitional.dtd">
<html xmlns="http://www.w3.org/1999/xhtml" xml:lang="en" lang="en">
 <head>
  <title>
</title>
<meta http-equiv="Content-Type" content="text/html;charset=utf-8" />
  <meta name='ocr-system' content='tesseract 3.04.00' />
  <meta name='ocr-capabilities' content='ocr_page ocr_carea ocr_par ocr_line ocrx_word'/>
</head>
<body>
  <div class='ocr_page' id='page_1' title='image "./ephemerisepigra00henzgoog_0196.png"; bbox 0 0 3540 5828; ppageno 0'>
   <div class='ocr_carea' id='block_1_1' title="bbox 430 539 1473 636">
    <p class='ocr_par' dir='ltr' id='par_1_1' title="bbox 430 539 1473 636">
     <span class='ocr_line' id='line_1_1' title="bbox 430 539 1473 636; baseline 0.003 -29"><span class='ocrx_word' id='word_1_1' title='bbox 430 555 778 609; x_wconf 80' lang='lat' dir='ltr'><strong>connnnrnnrouns</strong></span> <span class='ocrx_word' id='word_1_2' title='bbox 796 558 1072 636; x_wconf 76' lang='lat' dir='ltr'><strong>artonnnnronn</strong></span> <span class='ocrx_word' id='word_1_3' title='bbox 1091 559 1193 612; x_wconf 82' lang='lat' dir='ltr'><strong>nass.</strong></span> <span class='ocrx_word' id='word_1_4' title='bbox 1405 539 1473 610; x_wconf 88' lang='grc'><strong>183</strong></span> 
     </span>
    </p>
   </div>
   <div class='ocr_carea' id='block_1_2' title="bbox 146 726 1476 908">
    <p class='ocr_par' dir='ltr' id='par_1_2' title="bbox 146 726 1476 908">
     <span class='ocr_line' id='line_1_2' title="bbox 146 726 1476 808; baseline 0.002 -21"><span class='ocrx_word' id='word_1_5' title='bbox 146 726 205 787; x_wconf 77' lang='grc'><strong>68.</strong></span> <span class='ocrx_word' id='word_1_6' title='bbox 244 728 455 806; x_wconf 82' lang='lat' dir='ltr'><strong>Fragmentum</strong></span> <span class='ocrx_word' id='word_1_7' title='bbox 476 748 601 806; x_wconf 87' lang='lat' dir='ltr'><strong>parvum</strong></span> <span class='ocrx_word' id='word_1_8' title='bbox 623 731 752 790; x_wconf 87' lang='lat' dir='ltr'><strong>laminae</strong></span> <span class='ocrx_word' id='word_1_9' title='bbox 769 751 877 791; x_wconf 79' lang='lat' dir='ltr'>aeneae</span> <span class='ocrx_word' id='word_1_10' title='bbox 892 732 1040 808; x_wconf 83' lang='lat' dir='ltr'><strong>utrimque</strong></span> <span class='ocrx_word' id='word_1_11' title='bbox 1055 732 1215 808; x_wconf 79' lang='lat' dir='ltr'>inscriptae</span> <span class='ocrx_word' id='word_1_12' title='bbox 1230 733 1261 790; x_wconf 95' lang='lat' dir='ltr'><strong>in</strong></span> <span class='ocrx_word' id='word_1_13' title='bbox 1276 751 1380 792; x_wconf 90' lang='lat' dir='ltr'><strong>museo</strong></span> <span class='ocrx_word' id='word_1_14' title='bbox 1395 731 1426 792; x_wconf 93' lang='lat' dir='ltr'><strong>N</strong></span> <span class='ocrx_word' id='word_1_15' title='bbox 1428 751 1476 790; x_wconf 84' lang='lat' dir='ltr'><strong>ea·</strong></span> 
     </span>
     <span class='ocr_line' id='line_1_3' title="bbox 187 825 1088 908; baseline 0.002 -18"><span class='ocrx_word' id='word_1_16' title='bbox 187 831 334 908; x_wconf 69' lang='lat' dir='ltr'><strong>politiano,</strong></span> <span class='ocrx_word' id='word_1_17' title='bbox 1083 825 1088 836; x_wconf 79' lang='grc'><em>’</em></span> 
     </span>
    </p>
   </div>
   <div class='ocr_carea' id='block_1_3' title="bbox 187 970 995 1224">
    <p class='ocr_par' dir='ltr' id='par_1_3' title="bbox 187 970 995 1224">
     <span class='ocr_line' id='line_1_4' title="bbox 187 970 553 1058; baseline 0.008 -33"><span class='ocrx_word' id='word_1_18' title='bbox 187 989 216 1026; x_wconf 87' lang='grc' dir='ltr'><strong>α.</strong></span> <span class='ocrx_word' id='word_1_19' title='bbox 251 970 413 1058; x_wconf 83' lang='lat' dir='ltr'><strong>maioribus</strong></span> <span class='ocrx_word' id='word_1_20' title='bbox 434 971 553 1030; x_wconf 81' lang='lat' dir='ltr'><strong>litteris:</strong></span> 
     </span>
     <span class='ocr_line' id='line_1_5' title="bbox 511 1105 995 1224; baseline 0.01 -44"><span class='ocrx_word' id='word_1_21' title='bbox 511 1105 515 1207; x_wconf 64' lang='lat' dir='ltr'><strong>l</strong></span> <span class='ocrx_word' id='word_1_22' title='bbox 543 1133 604 1224; x_wconf 59' lang='lat' dir='ltr'><strong>mi}</strong></span> <span class='ocrx_word' id='word_1_23' title='bbox 624 1163 657 1180; x_wconf 89' lang='lat'><strong>..</strong></span> <span class='ocrx_word' id='word_1_24' title='bbox 864 1128 995 1188; x_wconf 81' lang='lat' dir='ltr'><strong>Maius?</strong></span> 
     </span>
    </p>
   </div>
   <div class='ocr_carea' id='block_1_4' title="bbox 187 1281 562 1342">
    <p class='ocr_par' dir='ltr' id='par_1_4' title="bbox 187 1281 562 1342">
     <span class='ocr_line' id='line_1_6' title="bbox 187 1281 562 1342; baseline 0.008 -4"><span class='ocrx_word' id='word_1_25' title='bbox 187 1281 215 1338; x_wconf 83' lang='lat' dir='ltr'><strong>b.</strong></span> <span class='ocrx_word' id='word_1_26' title='bbox 252 1282 418 1340; x_wconf 83' lang='lat' dir='ltr'><strong>minoribus</strong></span> <span class='ocrx_word' id='word_1_27' title='bbox 439 1283 562 1342; x_wconf 85' lang='lat' dir='ltr'><strong>litteris:</strong></span> 
     </span>
    </p>
   </div>
   <div class='ocr_carea' id='block_1_5' title="bbox 503 1487 1096 1606">
    <p class='ocr_par' dir='ltr' id='par_1_5' title="bbox 503 1487 1096 1606">
     <span class='ocr_line' id='line_1_7' title="bbox 503 1487 1096 1606; baseline 0.013 -47"><span class='ocrx_word' id='word_1_28' title='bbox 503 1497 542 1564; x_wconf 86' lang='lat' dir='ltr'><strong>t.</strong></span> <span class='ocrx_word' id='word_1_29' title='bbox 558 1487 676 1606; x_wconf 77' lang='lat' dir='ltr'><strong>statiis</strong></span> <span class='ocrx_word' id='word_1_30' title='bbox 862 1508 950 1568; x_wconf 81' lang='lat' dir='ltr'><strong>Titus</strong></span> <span class='ocrx_word' id='word_1_31' title='bbox 973 1507 1096 1580; x_wconf 79' lang='lat' dir='ltr'><strong>Statius,</strong></span> 
     </span>
    </p>
   </div>
   <div class='ocr_carea' id='block_1_6' title="bbox 501 1644 1136 1762">
    <p class='ocr_par' dir='ltr' id='par_1_6' title="bbox 501 1644 1136 1762">
     <span class='ocr_line' id='line_1_8' title="bbox 501 1644 1136 1762; baseline 0.013 -45"><span class='ocrx_word' id='word_1_32' title='bbox 501 1669 548 1744; x_wconf 81' lang='lat' dir='ltr'><strong>g.</strong></span> <span class='ocrx_word' id='word_1_33' title='bbox 564 1644 728 1762; x_wconf 66' lang='lat' dir='ltr'><strong>helevil[8</strong></span> <span class='ocrx_word' id='word_1_34' title='bbox 862 1664 977 1726; x_wconf 88' lang='lat' dir='ltr'><strong>Gavius</strong></span> <span class='ocrx_word' id='word_1_35' title='bbox 1000 1665 1136 1725; x_wconf 79' lang='lat' dir='ltr'><strong>Helvius·</strong></span> 
     </span>
    </p>
   </div>
   <div class='ocr_carea' id='block_1_7' title="bbox 141 1869 1488 2256">
    <p class='ocr_par' dir='ltr' id='par_1_7' title="bbox 141 1869 1488 2256">
     <span class='ocr_line' id='line_1_9' title="bbox 227 1869 1471 1947; baseline 0.002 -20"><span class='ocrx_word' id='word_1_36' title='bbox 227 1869 443 1947; x_wconf 87' lang='lat' dir='ltr'><strong>Apographum</strong></span> <span class='ocrx_word' id='word_1_37' title='bbox 465 1875 548 1930; x_wconf 84' lang='lat' dir='ltr'><strong>misit</strong></span> <span class='ocrx_word' id='word_1_38' title='bbox 569 1870 609 1932; x_wconf 87' lang='lat' dir='ltr'><strong>G.</strong></span> <span class='ocrx_word' id='word_1_39' title='bbox 625 1871 661 1930; x_wconf 90' lang='lat' dir='ltr'><strong>de</strong></span> <span class='ocrx_word' id='word_1_40' title='bbox 676 1872 775 1930; x_wconf 85' lang='lat' dir='ltr'><strong>Petra.</strong></span> <span class='ocrx_word' id='word_1_41' title='bbox 808 1871 912 1930; x_wconf 81' lang='lat' dir='ltr'><strong>Edidit</strong></span> <span class='ocrx_word' id='word_1_42' title='bbox 929 1871 1062 1942; x_wconf 76' lang='lat' dir='ltr'><strong>Ft&#39;orellt&#39;,</strong></span> <span class='ocrx_word' id='word_1_43' title='bbox 1089 1870 1182 1931; x_wconf 84' lang='lat' dir='ltr'><strong>Catol.</strong></span> <span class='ocrx_word' id='word_1_44' title='bbox 1198 1889 1269 1929; x_wconf 83' lang='lat' dir='ltr'><strong>mus.</strong></span> <span class='ocrx_word' id='word_1_45' title='bbox 1285 1869 1365 1946; x_wconf 85' lang='lat' dir='ltr'><strong>Nap.</strong></span> <span class='ocrx_word' id='word_1_46' title='bbox 1381 1871 1471 1929; x_wconf 83' lang='lat' dir='ltr'><strong>Raro.</strong></span> 
     </span>
     <span class='ocr_line' id='line_1_10' title="bbox 142 1971 1488 2049; baseline 0.002 -22"><span class='ocrx_word' id='word_1_47' title='bbox 142 1974 235 2047; x_wconf 76' lang='lat' dir='ltr'><strong>epipr.</strong></span> <span class='ocrx_word' id='word_1_48' title='bbox 256 1971 370 2043; x_wconf 79' lang='lat' dir='ltr'><strong>rr.159,</strong></span> <span class='ocrx_word' id='word_1_49' title='bbox 397 1973 499 2049; x_wconf 86' lang='lat' dir='ltr'><strong>quib,</strong></span> <span class='ocrx_word' id='word_1_50' title='bbox 521 1975 680 2034; x_wconf 78' lang='lat' dir='ltr'><strong>os.3r&#39;m&#39;t.</strong></span> <span class='ocrx_word' id='word_1_51' title='bbox 703 1975 806 2033; x_wconf 86' lang='lat' dir='ltr'><strong>habet:</strong></span> <span class='ocrx_word' id='word_1_52' title='bbox 836 1994 865 2032; x_wconf 84' lang='lat' dir='ltr'><strong>u.</strong></span> <span class='ocrx_word' id='word_1_53' title='bbox 909 1972 986 2034; x_wconf 87' lang='lat' dir='ltr'><strong>Cum</strong></span> <span class='ocrx_word' id='word_1_54' title='bbox 1006 1973 1170 2046; x_wconf 83' lang='lat' dir='ltr'><strong>Heleot&#39;i[s]</strong></span> <span class='ocrx_word' id='word_1_55' title='bbox 1192 1972 1269 2031; x_wconf 86' lang='lat' dir='ltr'><strong>idem</strong></span> <span class='ocrx_word' id='word_1_56' title='bbox 1298 1977 1338 2030; x_wconf 91' lang='lat' dir='ltr'><strong>sit</strong></span> <span class='ocrx_word' id='word_1_57' title='bbox 1366 1990 1488 2030; x_wconf 51' lang='lat' dir='ltr'><strong>nomen¹</strong></span> 
     </span>
     <span class='ocr_line' id='line_1_11' title="bbox 141 2073 1475 2155; baseline 0.002 -26"><span class='ocrx_word' id='word_1_58' title='bbox 141 2073 252 2148; x_wconf 80' lang='lat' dir='ltr'><strong>gentile</strong></span> <span class='ocrx_word' id='word_1_59' title='bbox 275 2086 363 2150; x_wconf 84' lang='lat' dir='ltr'><strong>atque</strong></span> <span class='ocrx_word' id='word_1_60' title='bbox 378 2075 519 2135; x_wconf 79' lang='lat' dir='ltr'><strong>Helleoiia</strong></span> <span class='ocrx_word' id='word_1_61' title='bbox 540 2077 572 2134; x_wconf 95' lang='lat' dir='ltr'><strong>iu</strong></span> <span class='ocrx_word' id='word_1_62' title='bbox 593 2076 704 2134; x_wconf 87' lang='lat' dir='ltr'><strong>lamina</strong></span> <span class='ocrx_word' id='word_1_63' title='bbox 725 2076 864 2155; x_wconf 86' lang='lat' dir='ltr'><strong>plumbea</strong></span> <span class='ocrx_word' id='word_1_64' title='bbox 878 2075 1032 2153; x_wconf 72' lang='lat' dir='ltr'><strong>capuana,</strong></span> <span class='ocrx_word' id='word_1_65' title='bbox 1056 2075 1215 2134; x_wconf 82' lang='lat' dir='ltr'><strong>verisimile</strong></span> <span class='ocrx_word' id='word_1_66' title='bbox 1238 2085 1285 2134; x_wconf 89' lang='lat' dir='ltr'><strong>est</strong></span> <span class='ocrx_word' id='word_1_67' title='bbox 1304 2075 1385 2134; x_wconf 86' lang='lat' dir='ltr'><strong>huno</strong></span> <span class='ocrx_word' id='word_1_68' title='bbox 1404 2079 1475 2133; x_wconf 86' lang='lat' dir='ltr'><strong>titu-</strong></span> 
     </span>
     <span class='ocr_line' id='line_1_12' title="bbox 141 2174 719 2256; baseline 0.007 -24"><span class='ocrx_word' id='word_1_69' title='bbox 141 2174 206 2234; x_wconf 90' lang='lat' dir='ltr'><strong>lum</strong></span> <span class='ocrx_word' id='word_1_70' title='bbox 228 2176 258 2234; x_wconf 94' lang='lat' dir='ltr'><strong>in</strong></span> <span class='ocrx_word' id='word_1_71' title='bbox 280 2174 448 2254; x_wconf 75' lang='lat' dir='ltr'><strong>Campania</strong></span> <span class='ocrx_word' id='word_1_72' title='bbox 468 2187 619 2256; x_wconf 87' lang='lat' dir='ltr'><strong>repertum</strong></span> <span class='ocrx_word' id='word_1_73' title='bbox 641 2197 719 2238; x_wconf 85' lang='lat' dir='ltr'><strong>esse.</strong></span> 
     </span>
    </p>
   </div>
   <div class='ocr_carea' id='block_1_8' title="bbox 142 2461 1265 2544">
    <p class='ocr_par' dir='ltr' id='par_1_8' title="bbox 142 2461 1265 2544">
     <span class='ocr_line' id='line_1_13' title="bbox 142 2461 1265 2544; baseline 0.004 -22"><span class='ocrx_word' id='word_1_74' title='bbox 142 2461 202 2522; x_wconf 81' lang='grc'><strong>69.</strong></span> <span class='ocrx_word' id='word_1_75' title='bbox 247 2463 363 2542; x_wconf 77' lang='lat' dir='ltr'><strong>Tegula</strong></span> <span class='ocrx_word' id='word_1_76' title='bbox 383 2465 480 2525; x_wconf 83' lang='lat' dir='ltr'><strong>fracta</strong></span> <span class='ocrx_word' id='word_1_77' title='bbox 500 2466 652 2544; x_wconf 88' lang='lat' dir='ltr'><strong>quondam</strong></span> <span class='ocrx_word' id='word_1_78' title='bbox 674 2466 771 2528; x_wconf 88' lang='lat' dir='ltr'><strong>musei</strong></span> <span class='ocrx_word' id='word_1_79' title='bbox 791 2465 934 2544; x_wconf 84' lang='lat' dir='ltr'><strong>Borgiani</strong></span> <span class='ocrx_word' id='word_1_80' title='bbox 956 2486 1034 2526; x_wconf 88' lang='lat' dir='ltr'><strong>nuno</strong></span> <span class='ocrx_word' id='word_1_81' title='bbox 1056 2464 1265 2544; x_wconf 81' lang='lat' dir='ltr'><strong>Neapolitani:</strong></span> 
     </span>
    </p>
   </div>
   <div class='ocr_carea' id='block_1_9' title="bbox 448 2647 1250 2873">
    <p class='ocr_par' dir='ltr' id='par_1_9' title="bbox 448 2647 1250 2873">
     <span class='ocr_line' id='line_1_14' title="bbox 448 2647 1188 2732; baseline 0.008 -8"><span class='ocrx_word' id='word_1_82' title='bbox 448 2650 594 2727; x_wconf 79' lang='lat' dir='ltr'><strong>helrens</strong></span> <span class='ocrx_word' id='word_1_83' title='bbox 620 2651 699 2726; x_wconf 82' lang='lat' dir='ltr'><strong>frus</strong></span> <span class='ocrx_word' id='word_1_84' title='bbox 860 2672 1032 2732; x_wconf 79' lang='lat' dir='ltr'><strong>Herennius</strong></span> <span class='ocrx_word' id='word_1_85' title='bbox 1055 2647 1188 2731; x_wconf 73' lang='lat' dir='ltr'><strong>Nrontus</strong></span> 
     </span>
     <span class='ocr_line' id='line_1_15' title="bbox 449 2775 1250 2873; baseline 0.006 -27"><span class='ocrx_word' id='word_1_86' title='bbox 449 2775 568 2872; x_wconf 83' lang='lat' dir='ltr'><strong>upsed</strong></span> <span class='ocrx_word' id='word_1_87' title='bbox 635 2833 636 2836; x_wconf 17' lang='grc' dir='ltr'>η</span> <span class='ocrx_word' id='word_1_88' title='bbox 913 2804 1055 2873; x_wconf 85' lang='lat' dir='ltr'><strong>operatus</strong></span> <span class='ocrx_word' id='word_1_89' title='bbox 1078 2804 1131 2851; x_wconf 82' lang='lat' dir='ltr'><strong>est.</strong></span> <span class='ocrx_word' id='word_1_90' title='bbox 1247 2829 1250 2840; x_wconf 88' lang='lat'>·</span> 
     </span>
    </p>
   </div>
   <div class='ocr_carea' id='block_1_10' title="bbox 138 2977 1475 3769">
    <p class='ocr_par' dir='ltr' id='par_1_10' title="bbox 138 2977 1475 3769">
     <span class='ocr_line' id='line_1_16' title="bbox 225 2977 1473 3058; baseline 0 -22"><span class='ocrx_word' id='word_1_91' title='bbox 225 2979 391 3050; x_wconf 81' lang='lat' dir='ltr'><strong>Minerviai,</strong></span> <span class='ocrx_word' id='word_1_92' title='bbox 417 2979 497 3037; x_wconf 84' lang='lat' dir='ltr'><strong>Bull.</strong></span> <span class='ocrx_word' id='word_1_93' title='bbox 514 2981 593 3040; x_wconf 75' lang='lat' dir='ltr'><strong>areli.</strong></span> <span class='ocrx_word' id='word_1_94' title='bbox 609 2981 689 3058; x_wconf 83' lang='lat' dir='ltr'><strong>Nop.</strong></span> <span class='ocrx_word' id='word_1_95' title='bbox 706 2999 752 3039; x_wconf 81' lang='lat' dir='ltr'><strong>no.</strong></span> <span class='ocrx_word' id='word_1_96' title='bbox 768 2999 791 3038; x_wconf 86' lang='lat' dir='ltr'><strong>s.</strong></span> <span class='ocrx_word' id='word_1_97' title='bbox 808 2980 852 3049; x_wconf 90' lang='grc' dir='ltr'><strong>ΙΙ,</strong></span> <span class='ocrx_word' id='word_1_98' title='bbox 872 2999 904 3055; x_wconf 88' lang='lat' dir='ltr'><strong>p.</strong></span> <span class='ocrx_word' id='word_1_99' title='bbox 920 2979 982 3038; x_wconf 85' lang='lat'><em>119.</em></span> <span class='ocrx_word' id='word_1_100' title='bbox 1016 2980 1147 3051; x_wconf 73' lang='lat' dir='ltr'><strong>Ilorellr‘,</strong></span> <span class='ocrx_word' id='word_1_101' title='bbox 1167 2977 1247 3036; x_wconf 81' lang='lat' dir='ltr'><strong>Mon.</strong></span> <span class='ocrx_word' id='word_1_102' title='bbox 1265 2981 1354 3054; x_wconf 73' lang='lat' dir='ltr'><strong>epipr.</strong></span> <span class='ocrx_word' id='word_1_103' title='bbox 1372 2977 1473 3054; x_wconf 83' lang='lat' dir='ltr'><strong>Pomp.</strong></span> 
     </span>
     <span class='ocr_line' id='line_1_17' title="bbox 141 3080 1472 3157; baseline -0.002 -17"><span class='ocrx_word' id='word_1_104' title='bbox 141 3081 200 3140; x_wconf 81' lang='lat' dir='ltr'><strong>tab.</strong></span> <span class='ocrx_word' id='word_1_105' title='bbox 216 3081 257 3152; x_wconf 88' lang='lat' dir='ltr'><strong>X,</strong></span> <span class='ocrx_word' id='word_1_106' title='bbox 273 3081 301 3140; x_wconf 88' lang='lat'><strong>3.</strong></span> <span class='ocrx_word' id='word_1_107' title='bbox 315 3101 344 3157; x_wconf 83' lang='lat' dir='ltr'><strong>p.</strong></span> <span class='ocrx_word' id='word_1_108' title='bbox 363 3081 411 3152; x_wconf 83' lang='lat'><strong>12,</strong></span> <span class='ocrx_word' id='word_1_109' title='bbox 435 3082 514 3141; x_wconf 90' lang='lat' dir='ltr'><strong>unde</strong></span> <span class='ocrx_word' id='word_1_110' title='bbox 536 3083 673 3152; x_wconf 70' lang='lat' dir='ltr'><strong>Febrem,</strong></span> <span class='ocrx_word' id='word_1_111' title='bbox 700 3081 731 3141; x_wconf 86' lang='lat' dir='ltr'><strong>C.</strong></span> <span class='ocrx_word' id='word_1_112' title='bbox 747 3083 773 3140; x_wconf 95' lang='lat' dir='ltr'><strong>I.</strong></span> <span class='ocrx_word' id='word_1_113' title='bbox 789 3082 860 3140; x_wconf 81' lang='lat' dir='ltr'><strong>Ital.</strong></span> <span class='ocrx_word' id='word_1_114' title='bbox 884 3092 901 3140; x_wconf 86' lang='lat' dir='ltr'><strong>t.</strong></span> <span class='ocrx_word' id='word_1_115' title='bbox 918 3081 992 3152; x_wconf 84' lang='lat' dir='ltr'><strong><em>LII,</em></strong></span> <span class='ocrx_word' id='word_1_116' title='bbox 1010 3082 1095 3139; x_wconf 88' lang='grc'><strong><em>2818.</em></strong></span> <span class='ocrx_word' id='word_1_117' title='bbox 1128 3081 1262 3151; x_wconf 80' lang='lat' dir='ltr'><strong>Fiorelli,</strong></span> <span class='ocrx_word' id='word_1_118' title='bbox 1289 3080 1384 3140; x_wconf 73' lang='lat' dir='ltr'><strong>Calai.</strong></span> <span class='ocrx_word' id='word_1_119' title='bbox 1401 3100 1472 3139; x_wconf 83' lang='lat' dir='ltr'><strong>mus.</strong></span> 
     </span>
     <span class='ocr_line' id='line_1_18' title="bbox 140 3181 1475 3262; baseline -0.001 -21"><span class='ocrx_word' id='word_1_120' title='bbox 140 3183 224 3259; x_wconf 83' lang='lat' dir='ltr'><strong>Nap.</strong></span> <span class='ocrx_word' id='word_1_121' title='bbox 244 3185 332 3252; x_wconf 79' lang='lat' dir='ltr'><strong>Raro.</strong></span> <span class='ocrx_word' id='word_1_122' title='bbox 353 3187 442 3260; x_wconf 73' lang='lat' dir='ltr'><strong>epiqr.</strong></span> <span class='ocrx_word' id='word_1_123' title='bbox 465 3186 576 3243; x_wconf 72' lang='lat' dir='ltr'><strong>a157.</strong></span> <span class='ocrx_word' id='word_1_124' title='bbox 619 3183 685 3260; x_wconf 83' lang='lat' dir='ltr'><strong>Ego</strong></span> <span class='ocrx_word' id='word_1_125' title='bbox 707 3188 918 3262; x_wconf 85' lang='lat' dir='ltr'><strong>interpretatus</strong></span> <span class='ocrx_word' id='word_1_126' title='bbox 939 3201 1006 3241; x_wconf 23' lang='lat' dir='ltr'><strong>*sum</strong></span> <span class='ocrx_word' id='word_1_127' title='bbox 1028 3183 1063 3240; x_wconf 84' lang='lat' dir='ltr'><strong>Z.</strong></span> <span class='ocrx_word' id='word_1_128' title='bbox 1079 3186 1107 3259; x_wconf 81' lang='lat' dir='ltr'><strong>s.</strong></span> <span class='ocrx_word' id='word_1_129' title='bbox 1123 3183 1211 3260; x_wconf 79' lang='lat' dir='ltr'><strong>oerpl.</strong></span> <span class='ocrx_word' id='word_1_130' title='bbox 1228 3181 1298 3259; x_wconf 85' lang='lat' dir='ltr'><strong>Spr.</strong></span> <span class='ocrx_word' id='word_1_131' title='bbox 1313 3182 1375 3253; x_wconf 92' lang='lat' dir='ltr'><strong>XI,</strong></span> <span class='ocrx_word' id='word_1_132' title='bbox 1396 3181 1475 3252; x_wconf 84' lang='lat'><em>323;</em></span> 
     </span>
     <span class='ocr_line' id='line_1_19' title="bbox 139 3283 1472 3362; baseline 0 -21"><span class='ocrx_word' id='word_1_133' title='bbox 139 3288 179 3362; x_wconf 82' lang='lat' dir='ltr'><strong>cs.</strong></span> <span class='ocrx_word' id='word_1_134' title='bbox 194 3285 332 3356; x_wconf 80' lang='lat' dir='ltr'><strong>Enderie,</strong></span> <span class='ocrx_word' id='word_1_135' title='bbox 355 3285 498 3348; x_wconf 81' lang='lat' dir='ltr'><strong>Formenl.</strong></span> <span class='ocrx_word' id='word_1_136' title='bbox 521 3287 548 3343; x_wconf 77' lang='lat' dir='ltr'><strong>d.</strong></span> <span class='ocrx_word' id='word_1_137' title='bbox 571 3285 640 3345; x_wconf 78' lang='lat' dir='ltr'><strong>Oak.</strong></span> <span class='ocrx_word' id='word_1_138' title='bbox 658 3283 726 3361; x_wconf 81' lang='lat' dir='ltr'><strong>Spr.</strong></span> <span class='ocrx_word' id='word_1_139' title='bbox 744 3284 850 3344; x_wconf 90' lang='lat' dir='ltr'><strong><em>XLII.</em></strong></span> <span class='ocrx_word' id='word_1_140' title='bbox 876 3283 1001 3356; x_wconf 85' lang='lat' dir='ltr'><strong><em>XLIII,</em></strong></span> <span class='ocrx_word' id='word_1_141' title='bbox 1023 3288 1050 3343; x_wconf 94' lang='lat'><strong>7.</strong></span> <span class='ocrx_word' id='word_1_142' title='bbox 1087 3285 1230 3343; x_wconf 76' lang='lat' dir='ltr'><strong>Misera:</strong></span> <span class='ocrx_word' id='word_1_143' title='bbox 1251 3303 1347 3361; x_wconf 83' lang='lat' dir='ltr'><strong>upsev.</strong></span> <span class='ocrx_word' id='word_1_144' title='bbox 1389 3283 1472 3342; x_wconf 85' lang='lat' dir='ltr'><strong>Fior.</strong></span> 
     </span>
     <span class='ocr_line' id='line_1_20' title="bbox 142 3384 1472 3466; baseline -0.002 -21"><span class='ocrx_word' id='word_1_145' title='bbox 142 3385 256 3445; x_wconf 73' lang='lat' dir='ltr'><strong>Catalt</strong></span> <span class='ocrx_word' id='word_1_146' title='bbox 271 3390 339 3464; x_wconf 80' lang='lat' dir='ltr'><strong>srys</strong></span> <span class='ocrx_word' id='word_1_147' title='bbox 361 3390 452 3464; x_wconf 75' lang='lat' dir='ltr'><strong>ypeef.</strong></span> <span class='ocrx_word' id='word_1_148' title='bbox 486 3387 574 3446; x_wconf 86' lang='lat' dir='ltr'><strong>Hane</strong></span> <span class='ocrx_word' id='word_1_149' title='bbox 597 3387 729 3466; x_wconf 86' lang='lat' dir='ltr'><strong>tegulam</strong></span> <span class='ocrx_word' id='word_1_150' title='bbox 752 3398 804 3446; x_wconf 89' lang='lat' dir='ltr'><strong>aut</strong></span> <span class='ocrx_word' id='word_1_151' title='bbox 823 3393 854 3446; x_wconf 95' lang='lat' dir='ltr'><strong>in</strong></span> <span class='ocrx_word' id='word_1_152' title='bbox 870 3385 1036 3463; x_wconf 83' lang='lat' dir='ltr'><strong>Campania</strong></span> <span class='ocrx_word' id='word_1_153' title='bbox 1058 3397 1109 3446; x_wconf 87' lang='lat' dir='ltr'><strong>ant</strong></span> <span class='ocrx_word' id='word_1_154' title='bbox 1130 3391 1160 3445; x_wconf 93' lang='lat' dir='ltr'><strong>in</strong></span> <span class='ocrx_word' id='word_1_155' title='bbox 1175 3384 1298 3446; x_wconf 85' lang='lat' dir='ltr'><strong>Samnio</strong></span> <span class='ocrx_word' id='word_1_156' title='bbox 1320 3387 1472 3444; x_wconf 85' lang='lat' dir='ltr'><strong>inventam</strong></span> 
     </span>
     <span class='ocr_line' id='line_1_21' title="bbox 139 3488 1473 3568; baseline 0 -23"><span class='ocrx_word' id='word_1_157' title='bbox 139 3505 209 3546; x_wconf 87' lang='lat' dir='ltr'><strong>esse</strong></span> <span class='ocrx_word' id='word_1_158' title='bbox 225 3507 260 3546; x_wconf 92' lang='lat' dir='ltr'><strong>eo</strong></span> <span class='ocrx_word' id='word_1_159' title='bbox 276 3488 468 3566; x_wconf 84' lang='lat' dir='ltr'><strong>intellegitur,</strong></span> <span class='ocrx_word' id='word_1_160' title='bbox 490 3490 570 3566; x_wconf 88' lang='lat' dir='ltr'><strong>quod</strong></span> <span class='ocrx_word' id='word_1_161' title='bbox 592 3507 700 3548; x_wconf 88' lang='lat' dir='ltr'><strong>nomen</strong></span> <span class='ocrx_word' id='word_1_162' title='bbox 721 3490 832 3568; x_wconf 86' lang='lat' dir='ltr'><strong>gentile</strong></span> <span class='ocrx_word' id='word_1_163' title='bbox 847 3491 1012 3559; x_wconf 78' lang='lat' dir='ltr'><strong>Heirenne&#39;a,</strong></span> <span class='ocrx_word' id='word_1_164' title='bbox 1034 3489 1154 3560; x_wconf 78' lang='lat' dir='ltr'><strong>Heroni,</strong></span> <span class='ocrx_word' id='word_1_165' title='bbox 1176 3488 1243 3547; x_wconf 89' lang='lat' dir='ltr'><strong>Lat.</strong></span> <span class='ocrx_word' id='word_1_166' title='bbox 1259 3489 1422 3547; x_wconf 78' lang='lat' dir='ltr'><strong>Herennius</strong></span> <span class='ocrx_word' id='word_1_167' title='bbox 1442 3492 1473 3545; x_wconf 96' lang='lat' dir='ltr'><strong>in</strong></span> 
     </span>
     <span class='ocr_line' id='line_1_22' title="bbox 138 3589 1471 3668; baseline -0.001 -21"><span class='ocrx_word' id='word_1_168' title='bbox 138 3591 189 3648; x_wconf 93' lang='lat' dir='ltr'><strong>his</strong></span> <span class='ocrx_word' id='word_1_169' title='bbox 211 3591 383 3668; x_wconf 80' lang='lat' dir='ltr'><strong>regionibus</strong></span> <span class='ocrx_word' id='word_1_170' title='bbox 404 3591 545 3668; x_wconf 82' lang='lat' dir='ltr'><strong>frequens</strong></span> <span class='ocrx_word' id='word_1_171' title='bbox 567 3601 615 3651; x_wconf 87' lang='lat' dir='ltr'><strong>est</strong></span> <span class='ocrx_word' id='word_1_172' title='bbox 636 3591 793 3668; x_wconf 74' lang='lat' dir='ltr'><strong>(Momm,</strong></span> <span class='ocrx_word' id='word_1_173' title='bbox 818 3590 883 3650; x_wconf 77' lang='lat' dir='ltr'><strong>Uret.</strong></span> <span class='ocrx_word' id='word_1_174' title='bbox 899 3591 985 3650; x_wconf 80' lang='lat' dir='ltr'><strong>Diui.</strong></span> <span class='ocrx_word' id='word_1_175' title='bbox 1004 3611 1036 3667; x_wconf 89' lang='lat' dir='ltr'><strong>p.</strong></span> <span class='ocrx_word' id='word_1_176' title='bbox 1055 3590 1111 3651; x_wconf 83' lang='lat'><strong>261</strong></span> <span class='ocrx_word' id='word_1_177' title='bbox 1116 3613 1128 3660; x_wconf 91' lang='lat'><strong>,·</strong></span> <span class='ocrx_word' id='word_1_178' title='bbox 1153 3589 1186 3648; x_wconf 82' lang='grc' dir='ltr'><strong>Ο.</strong></span> <span class='ocrx_word' id='word_1_179' title='bbox 1201 3590 1235 3648; x_wconf 90' lang='lat' dir='ltr'><strong>Z.</strong></span> <span class='ocrx_word' id='word_1_180' title='bbox 1252 3591 1281 3663; x_wconf 90' lang='lat' dir='ltr'><strong>s.</strong></span> <span class='ocrx_word' id='word_1_181' title='bbox 1296 3589 1386 3667; x_wconf 74' lang='lat' dir='ltr'><strong>oerql.</strong></span> <span class='ocrx_word' id='word_1_182' title='bbox 1402 3590 1471 3666; x_wconf 83' lang='lat' dir='ltr'><strong>Spr.</strong></span> 
     </span>
     <span class='ocr_line' id='line_1_23' title="bbox 138 3691 1359 3769; baseline 0.002 -21"><span class='ocrx_word' id='word_1_183' title='bbox 138 3691 202 3764; x_wconf 88' lang='lat' dir='ltr'><strong>XI,</strong></span> <span class='ocrx_word' id='word_1_184' title='bbox 218 3692 274 3750; x_wconf 77' lang='lat'><strong>401</strong></span> <span class='ocrx_word' id='word_1_185' title='bbox 289 3693 358 3769; x_wconf 73' lang='lat' dir='ltr'><strong>sp).</strong></span> <span class='ocrx_word' id='word_1_186' title='bbox 1358 3699 1359 3702; x_wconf 75' lang='grc'>’</span> 
     </span>
    </p>
   </div>
   <div class='ocr_carea' id='block_1_11' title="bbox 140 3955 1472 4138">
    <p class='ocr_par' dir='ltr' id='par_1_11' title="bbox 140 3955 1472 4138">
     <span class='ocr_line' id='line_1_24' title="bbox 140 3955 1472 4036; baseline -0.002 -21"><span class='ocrx_word' id='word_1_187' title='bbox 140 3955 202 4015; x_wconf 80' lang='grc'><strong>70.</strong></span> <span class='ocrx_word' id='word_1_188' title='bbox 230 3955 380 4016; x_wconf 84' lang='lat' dir='ltr'><strong>Nummus</strong></span> <span class='ocrx_word' id='word_1_189' title='bbox 403 3967 562 4036; x_wconf 87' lang='lat' dir='ltr'><strong>argenteus</strong></span> <span class='ocrx_word' id='word_1_190' title='bbox 585 3975 651 4016; x_wconf 86' lang='lat' dir='ltr'><strong>oum</strong></span> <span class='ocrx_word' id='word_1_191' title='bbox 671 3962 767 4034; x_wconf 90' lang='lat' dir='ltr'><strong>capite</strong></span> <span class='ocrx_word' id='word_1_192' title='bbox 787 3958 924 4017; x_wconf 87' lang='lat' dir='ltr'><strong>mulieris</strong></span> <span class='ocrx_word' id='word_1_193' title='bbox 945 3962 978 4017; x_wconf 93' lang='lat' dir='ltr'><strong>in</strong></span> <span class='ocrx_word' id='word_1_194' title='bbox 992 3957 1085 4017; x_wconf 84' lang='lat' dir='ltr'><strong>alters</strong></span> <span class='ocrx_word' id='word_1_195' title='bbox 1106 3965 1192 4034; x_wconf 83' lang='lat' dir='ltr'><strong>parte</strong></span> <span class='ocrx_word' id='word_1_196' title='bbox 1213 3957 1302 4016; x_wconf 87' lang='lat' dir='ltr'><strong>habet</strong></span> <span class='ocrx_word' id='word_1_197' title='bbox 1323 3960 1354 4015; x_wconf 92' lang='lat' dir='ltr'><strong>in</strong></span> <span class='ocrx_word' id='word_1_198' title='bbox 1377 3955 1472 4014; x_wconf 86' lang='lat' dir='ltr'><strong>alters</strong></span> 
     </span>
     <span class='ocr_line' id='line_1_25' title="bbox 183 4059 826 4138; baseline 0.003 -22"><span class='ocrx_word' id='word_1_199' title='bbox 183 4059 320 4134; x_wconf 84' lang='lat' dir='ltr'><strong>mytilnm</strong></span> <span class='ocrx_word' id='word_1_200' title='bbox 342 4077 408 4118; x_wconf 85' lang='lat' dir='ltr'><strong>eum</strong></span> <span class='ocrx_word' id='word_1_201' title='bbox 430 4078 514 4119; x_wconf 89' lang='lat' dir='ltr'><strong>mure</strong></span> <span class='ocrx_word' id='word_1_202' title='bbox 536 4071 566 4118; x_wconf 87' lang='lat' dir='ltr'><strong>et</strong></span> <span class='ocrx_word' id='word_1_203' title='bbox 586 4059 826 4138; x_wconf 79' lang='lat' dir='ltr'><strong>inscriptionem:</strong></span> 
     </span>
    </p>
   </div>
   <div class='ocr_carea' id='block_1_12' title="bbox 727 4232 891 4309">
    <p class='ocr_par' dir='ltr' id='par_1_12' title="bbox 727 4232 891 4309">
     <span class='ocr_line' id='line_1_26' title="bbox 727 4232 891 4309; baseline -0.012 -1"><span class='ocrx_word' id='word_1_204' title='bbox 727 4232 891 4309; x_wconf 86' lang='lat' dir='ltr'><strong>viskinis.</strong></span> 
     </span>
    </p>
   </div>
   <div class='ocr_carea' id='block_1_13' title="bbox 135 4425 1470 4910">
    <p class='ocr_par' dir='ltr' id='par_1_13' title="bbox 135 4425 1470 4910">
     <span class='ocr_line' id='line_1_27' title="bbox 225 4425 1470 4504; baseline 0.002 -22"><span class='ocrx_word' id='word_1_205' title='bbox 225 4425 373 4498; x_wconf 78' lang='lat' dir='ltr'><strong>Auellino,</strong></span> <span class='ocrx_word' id='word_1_206' title='bbox 412 4425 518 4503; x_wconf 79' lang='lat' dir='ltr'><strong>Opust.</strong></span> <span class='ocrx_word' id='word_1_207' title='bbox 548 4428 599 4500; x_wconf 91' lang='lat' dir='ltr'><strong>II,</strong></span> <span class='ocrx_word' id='word_1_208' title='bbox 637 4438 692 4486; x_wconf 84' lang='lat' dir='ltr'><strong>tao.</strong></span> <span class='ocrx_word' id='word_1_209' title='bbox 722 4429 792 4500; x_wconf 89' lang='lat' dir='ltr'><strong><em>III,</em></strong></span> <span class='ocrx_word' id='word_1_210' title='bbox 822 4427 870 4501; x_wconf 86' lang='lat'><strong>13,</strong></span> <span class='ocrx_word' id='word_1_211' title='bbox 889 4447 921 4504; x_wconf 82' lang='lat' dir='ltr'><strong>p.</strong></span> <span class='ocrx_word' id='word_1_212' title='bbox 951 4428 1005 4498; x_wconf 82' lang='lat'><strong>56,</strong></span> <span class='ocrx_word' id='word_1_213' title='bbox 1042 4439 1117 4486; x_wconf 86' lang='lat' dir='ltr'><strong>teste</strong></span> <span class='ocrx_word' id='word_1_214' title='bbox 1147 4427 1185 4487; x_wconf 94' lang='lat' dir='ltr'><strong>U.</strong></span> <span class='ocrx_word' id='word_1_215' title='bbox 1203 4445 1230 4484; x_wconf 89' lang='lat' dir='ltr'><strong>v.</strong></span> <span class='ocrx_word' id='word_1_216' title='bbox 1257 4426 1470 4497; x_wconf 79' lang='lat' dir='ltr'><strong>Wilamowitz,</strong></span> 
     </span>
     <span class='ocr_line' id='line_1_28' title="bbox 137 4527 1468 4607; baseline 0.001 -22"><span class='ocrx_word' id='word_1_217' title='bbox 137 4546 209 4585; x_wconf 89' lang='lat' dir='ltr'><strong>cum</strong></span> <span class='ocrx_word' id='word_1_218' title='bbox 237 4531 302 4604; x_wconf 89' lang='lat' dir='ltr'><strong>ipse</strong></span> <span class='ocrx_word' id='word_1_219' title='bbox 332 4529 411 4587; x_wconf 89' lang='lat' dir='ltr'><strong>huno</strong></span> <span class='ocrx_word' id='word_1_220' title='bbox 441 4529 551 4588; x_wconf 90' lang='lat' dir='ltr'><strong>librum</strong></span> <span class='ocrx_word' id='word_1_221' title='bbox 582 4548 661 4588; x_wconf 87' lang='lat' dir='ltr'><strong>nuno</strong></span> <span class='ocrx_word' id='word_1_222' title='bbox 689 4530 834 4607; x_wconf 82' lang='lat' dir='ltr'><strong>inspicere</strong></span> <span class='ocrx_word' id='word_1_223' title='bbox 871 4549 932 4588; x_wconf 92' lang='lat' dir='ltr'><strong>non</strong></span> <span class='ocrx_word' id='word_1_224' title='bbox 963 4533 1110 4606; x_wconf 86' lang='lat' dir='ltr'><strong>potuerim</strong></span> <span class='ocrx_word' id='word_1_225' title='bbox 1118 4549 1126 4600; x_wconf 84' lang='lat'><em>3</em></span> <span class='ocrx_word' id='word_1_226' title='bbox 1163 4527 1231 4586; x_wconf 85' lang='lat' dir='ltr'><strong>inde</strong></span> <span class='ocrx_word' id='word_1_227' title='bbox 1260 4529 1403 4599; x_wconf 76' lang='lat' dir='ltr'><strong>Fabretti,</strong></span> <span class='ocrx_word' id='word_1_228' title='bbox 1437 4528 1468 4587; x_wconf 87' lang='lat' dir='ltr'><strong>C.</strong></span> 
     </span>
     <span class='ocr_line' id='line_1_29' title="bbox 136 4627 1468 4710; baseline 0 -22"><span class='ocrx_word' id='word_1_229' title='bbox 136 4629 166 4688; x_wconf 93' lang='lat' dir='ltr'><strong>I.</strong></span> <span class='ocrx_word' id='word_1_230' title='bbox 181 4627 250 4686; x_wconf 85' lang='lat' dir='ltr'><strong>Ital.</strong></span> <span class='ocrx_word' id='word_1_231' title='bbox 273 4639 292 4688; x_wconf 88' lang='lat' dir='ltr'><strong>t.</strong></span> <span class='ocrx_word' id='word_1_232' title='bbox 308 4628 382 4702; x_wconf 89' lang='lat' dir='ltr'><strong><em>LII,</em></strong></span> <span class='ocrx_word' id='word_1_233' title='bbox 406 4630 499 4690; x_wconf 76' lang='lat'><em>2835.</em></span> <span class='ocrx_word' id='word_1_234' title='bbox 543 4629 708 4690; x_wconf 90' lang='lat' dir='ltr'><strong>Nummum</strong></span> <span class='ocrx_word' id='word_1_235' title='bbox 729 4633 817 4710; x_wconf 90' lang='lat' dir='ltr'><strong>posui</strong></span> <span class='ocrx_word' id='word_1_236' title='bbox 843 4631 1004 4703; x_wconf 81' lang='lat' dir='ltr'><strong>hocloco,</strong></span> <span class='ocrx_word' id='word_1_237' title='bbox 1032 4649 1099 4690; x_wconf 86' lang='lat' dir='ltr'><strong>cum</strong></span> <span class='ocrx_word' id='word_1_238' title='bbox 1126 4649 1182 4706; x_wconf 93' lang='lat' dir='ltr'><strong>pro</strong></span> <span class='ocrx_word' id='word_1_239' title='bbox 1205 4628 1287 4690; x_wconf 83' lang='lat' dir='ltr'><strong>Osco</strong></span> <span class='ocrx_word' id='word_1_240' title='bbox 1310 4631 1468 4704; x_wconf 63' lang='lat' dir='ltr'><strong>hubertum</strong></span> 
     </span>
     <span class='ocr_line' id='line_1_30' title="bbox 135 4733 1469 4810; baseline 0.001 -21"><span class='ocrx_word' id='word_1_241' title='bbox 135 4739 171 4789; x_wconf 79' lang='lat' dir='ltr'><strong>at</strong></span> <span class='ocrx_word' id='word_1_242' title='bbox 193 4749 288 4807; x_wconf 89' lang='lat' dir='ltr'><strong>neque</strong></span> <span class='ocrx_word' id='word_1_243' title='bbox 314 4733 346 4791; x_wconf 92' lang='lat' dir='ltr'><strong>in</strong></span> <span class='ocrx_word' id='word_1_244' title='bbox 367 4734 447 4809; x_wconf 86' lang='lat' dir='ltr'><strong>typis</strong></span> <span class='ocrx_word' id='word_1_245' title='bbox 468 4735 533 4792; x_wconf 90' lang='lat' dir='ltr'><strong>eins</strong></span> <span class='ocrx_word' id='word_1_246' title='bbox 555 4753 650 4810; x_wconf 87' lang='lat' dir='ltr'><strong>neque</strong></span> <span class='ocrx_word' id='word_1_247' title='bbox 674 4735 705 4793; x_wconf 94' lang='lat' dir='ltr'><strong>in</strong></span> <span class='ocrx_word' id='word_1_248' title='bbox 726 4734 893 4792; x_wconf 77' lang='lat' dir='ltr'><strong>litterarum</strong></span> <span class='ocrx_word' id='word_1_249' title='bbox 915 4733 1019 4793; x_wconf 83' lang='lat' dir='ltr'><strong>formis</strong></span> <span class='ocrx_word' id='word_1_250' title='bbox 1040 4734 1201 4809; x_wconf 82' lang='lat' dir='ltr'><strong>quicquam</strong></span> <span class='ocrx_word' id='word_1_251' title='bbox 1224 4737 1353 4810; x_wconf 87' lang='lat' dir='ltr'><strong>reperire</strong></span> <span class='ocrx_word' id='word_1_252' title='bbox 1374 4733 1469 4810; x_wconf 87' lang='lat' dir='ltr'><strong>potui,</strong></span> 
     </span>
     <span class='ocr_line' id='line_1_31' title="bbox 135 4833 702 4910; baseline 0.004 -18"><span class='ocrx_word' id='word_1_253' title='bbox 135 4852 200 4910; x_wconf 87' lang='lat' dir='ltr'><strong>quo</strong></span> <span class='ocrx_word' id='word_1_254' title='bbox 223 4833 280 4892; x_wconf 89' lang='lat' dir='ltr'><strong>hoo</strong></span> <span class='ocrx_word' id='word_1_255' title='bbox 302 4834 535 4895; x_wconf 81' lang='lat' dir='ltr'><strong>demonstratum</strong></span> <span class='ocrx_word' id='word_1_256' title='bbox 556 4836 702 4896; x_wconf 86' lang='lat' dir='ltr'><strong>videatur.</strong></span> 
     </span>
    </p>
   </div>
   <div class='ocr_carea' id='block_1_14' title="bbox 0 0 1774 5828">
    <p class='ocr_par' dir='ltr' id='par_1_14' title="bbox 0 0 1774 5828">
     <span class='ocr_line' id='line_1_32' title="bbox 0 0 1774 5828; baseline 0 4"><span class='ocrx_word' id='word_1_257' title='bbox 0 0 1774 5828; x_wconf 95' lang='lat' dir='ltr'><strong> </strong></span> 
     </span>
    </p>
   </div>
  </div>
 </body>
</html>
