3510 5820
539 515 695 578 Qvnnsu.
717 515 934 568 ououn'roc.
953 519 977 568 1.
1375 500 1421 571 33

421 689 568 766 gueudam
596 690 766 768 opinionem
789 690 920 768 aliquam
948 691 985 749 ab
1008 690 1045 750 0.
1068 691 1189 751 llaubio
1211 712 1305 770 nuper
1325 694 1424 770 prola-

422 793 534 850 tamin
556 792 768 852 dissertatione
790 793 827 852 de
849 793 1031 853 carminibus
1053 794 1146 871 epicis
1165 794 1278 865 saeculi
1292 795 1425 874 Augusti

420 893 597 969 (Vratislav.
617 895 711 972 1870)
727 915 756 972 p.
772 895 820 967 14,
838 895 953 954 seilicet
968 914 1074 954 versus
1090 896 1194 954 Albini
1209 906 1315 974 poetae
1330 898 1424 974 ignoti

420 1015 459 1055 ex
486 1015 585 1056 rerum
612 995 815 1056 Romanarum
843 997 957 1074 primo,
987 1016 1063 1075 quos
1089 998 1266 1057 Priscianus
1294 999 1425 1058 servavit

420 1097 463 1173 (7,
488 1100 523 1170 5,
547 1097 585 1156 22
613 1121 641 1178 p.
663 1101 739 1172 304,
761 1100 801 1159 20
823 1099 893 1176 Η.),
922 1100 1114 1159 Albinovano
1144 1100 1318 1160 tribuendos
1347 1119 1424 1160 esse.

419 1199 539 1259 Etenim
562 1187 697 1261 Ovidius
718 1201 802 1261 solus
828 1203 859 1260 in
886 1202 1016 1262 carmine
1043 1211 1161 1279 poetam
1184 1203 1250 1262 solo
1273 1204 1424 1280 gentilicio

420 1303 564 1380 appellat3
587 1315 744 1381 praeterea
763 1323 835 1363 vero
857 1305 968 1382 ubique
990 1314 1041 1363 aut
1062 1315 1221 1382 utrumque
1236 1307 1359 1382 ponitur
1373 1325 1424 1365 no-

420 1423 503 1478 men‚
530 1407 712 1483 gentilicium
735 1415 764 1464 et
785 1425 964 1485 cognomen,
992 1418 1043 1466 aut
1065 1426 1230 1485 cognomen
1252 1408 1364 1480 solum,
1392 1415 1426 1468 ut
1471 1409 1472 1414 ’

421 1495 656 1585 ususpostulnt3
674 1509 858 1586 gentilicium
875 1509 972 1568 solum
987 1519 1143 1588 praeterea
1158 1527 1304 1584 nusquam
1320 1509 1425 1586 depre-

420 1610 568 1669 henditur.
608 1610 666 1672 Gai
689 1629 880 1688 praenomen,
902 1612 982 1689 quod
1004 1610 1072 1670 inde
1095 1631 1113 1670 a
1135 1610 1290 1689 Scaligero
1309 1611 1425 1671 Pedoni

420 1711 571 1786 tribuitur,
595 1714 674 1772 omni
696 1714 755 1772 fide
777 1727 867 1772 caret.

337 1815 412 1873 Mire
431 1833 504 1874 sane
524 1801 691 1886 accidisset,
712 1817 739 1874 si
758 1815 876 1892 utrique
891 1824 996 1892 poetae
1012 1835 1176 1894 cognomen
1192 1816 1304 1894 duplex
1319 1816 1427 1876 fuisset

339 1916 387 1992 (id
414 1916 496 1994 quod
525 1935 695 1994 quanquam
721 1917 870 1977 interdum
897 1919 957 1976 iam
985 1920 1132 1996 reperitur
1160 1937 1195 1977 eo
1221 1927 1369 1995 tempore,
1395 1939 1424 1977 v.

339 2019 554 2079 Mommsenum
570 2018 735 2079 Hermael
758 2040 786 2097 p.
806 2020 907 2093 loss,
930 2029 1029 2079 tamen
1050 2022 1238 2080 rarissimum
1261 2020 1331 2096 cst),
1355 2037 1425 2098 gen-

339 2121 389 2178 tile
412 2131 509 2180 autem
532 2123 685 2198 utriusque
709 2123 885 2182 obrueretur
907 2121 1065 2180 oblivione.
1107 2121 1221 2181 Contra
1242 2122 1340 2196 ambo,
1363 2132 1423 2181 tam

339 2221 449 2282 Celsus
464 2243 553 2300 quam
564 2224 657 2296 Pedo,
669 2224 878 2284 Albinovanus
892 2225 972 2300 genti
985 2225 1105 2282 omuino
1118 2223 1318 2283 adscribendi.
1341 2223 1372 2283 N
1376 2244 1424 2283 um
1514 2249 1515 2252 ¹

338 2325 445 2384 iratres
467 2326 580 2384 fuerint
600 2319 639 2385 an
660 2335 745 2404 pater
767 2333 797 2385 et
819 2326 900 2384 filius
923 2327 1080 2386 diiudicari
1103 2328 1220 2403 nequit3
1243 2328 1296 2386 sed
1311 2336 1425 2386 obum-

338 2446 395 2503 que
423 2428 488 2487 fieri
515 2430 621 2504 potuit.
664 2429 824 2488 Parentela
850 2428 953 2503 aliqua
973 2447 1025 2486 eos
1047 2429 1141 2488 fuisse
1163 2429 1337 2488 coniunctos
1360 2443 1425 2506 pcr-

339 2547 425 2605 quam
449 2531 606 2606 probabile
628 2540 682 2590 cst.

338 2631 371 2688 P.
391 2632 589 2692 Albinovanus
612 2633 686 2692 nibil
707 2633 835 2712 amplius
858 2633 1001 2711 scriptum
1023 2633 1131 2692 litteris
1151 2634 1240 2692 bonis
1260 2621 1371 2710 ¹legitur
1393 2635 1424 2692 in

422 2735 510 2793 titulo
532 2736 627 2794 musei
643 2735 781 2795 Vaticani
805 2734 901 2811 (Gall.
925 2735 984 2812 lap.
1007 2735 1110 2795 insert.
1134 2735 1174 2812 1),
1197 2755 1285 2814 quem
1307 2735 1425 2794 Hense·

422 2855 478 2895 nus
502 2838 584 2896 vidit.
616 2838 653 2896 Iu
674 2838 770 2896 titulis
791 2838 858 2896 aliis
873 2837 1056 2896 Albinovani
1072 2857 1180 2897 nornen
1195 2839 1327 2898 nondum
1344 2858 1425 2897 com·

423 2940 532 3017 paruit,
555 2950 697 3016 quantum
720 2939 818 3000 scio„
1169 2933 1170 2936 ¹

341 3041 451 3115 Locus,
473 3043 569 3119 siquis
590 3042 646 3101 luit
668 3042 799 3114 omnino,
823 3041 899 3100 uude
922 3061 1029 3100 nomen
1049 3043 1194 3121 originem
1210 3043 1305 3115 duxit,
1326 3049 1427 3119 potest

340 3144 434 3204 fuisse
456 3154 508 3204 aut
528 3144 609 3204 Alba
629 3163 709 3204 nova
729 3153 781 3203 sut
801 3144 923 3204 Albium
945 3163 1056 3228 novum
1079 3145 1143 3204 siue
1166 3145 1356 3204 Albinovium
1380 3144 1426 3220 (ut

340 3245 566 3324 Albingaunum
593 3257 622 3306 et
648 3246 922 3323 Albintemelium);
950 3246 988 3305 ab
1017 3253 1142 3323 utroque
1170 3253 1249 3306 recte
1277 3247 1427 3306 derivatur

340 3349 557 3422 Albinovanus,
579 3359 611 3408 ut
632 3369 651 3408 a
672 3350 737 3408 vico
753 3349 855 3408 Tusco
870 3347 1089 3407 Tusciuicanus
1111 3365 1285 3427 cognomen,
1307 3345 1344 3405 de
1366 3364 1425 3422 quo

341 3451 456 3510 dicetur
476 3452 564 3511 infra.

64 3561 262 3618 Assrnsvs
339 3551 377 3612 L.
400 3554 530 3614 Anniani
543 3553 663 3630 Sperata'
682 3551 846 3632 Luguduni
869 3552 1011 3612 Boissieu
1032 3555 1216 3638 inscriptions
1238 3554 1370 3627 antiques
1392 3552 1427 3608 de

426 3656 510 3732 Lyce
531 3677 561 3733 p.
578 3654 649 3728 528,
667 3654 735 3714 124.

66 3765 315 3822 Arscrcunn'vs
344 3758 376 3818 C.
397 3757 587 3835 Apacillonca
613 3755 646 3817 0.
669 3758 688 3816 l.
711 3757 775 3816 Ero

342 3859 373 3918 C.
397 3860 587 3937 Apecillocue
613 3860 643 3920 C.
667 3861 686 3917 l.
709 3860 793 3938 Rufio

344 3963 373 4021 Ο.
397 3963 587 4040 Apccillonua
612 3963 642 4024 C.
666 3962 684 4020 l.
710 3961 818 4022 Scaeis
1093 4005 1098 4016 .

340 4064 515 4144 Apscillcna
542 4059 617 4122 051.
642 4064 774 4124 Secundo
797 4064 898 4123 Allius
920 4063 950 4123 iu
974 4061 1098 4122 Samnio
1122 4062 1146 4120 l.
1162 4061 1201 4122 N.
1218 4060 1309 4119 4789.

381 4167 486 4238 Trium
508 4167 683 4226 libertorum
705 4168 827 4226 uomina
848 4168 878 4225 in
900 4166 958 4224 boe
978 4164 1066 4224 titulo
1088 4165 1225 4242 genetivo
1248 4181 1320 4221 casu
1342 4163 1426 4220 exhi-

340 4269 454 4342 bentur,
481 4271 533 4347 qui
561 4279 660 4347 potest
686 4270 776 4327 etiam
803 4269 917 4327 formae
944 4269 975 4326 in
996 4271 1081 4326 acics
1104 4285 1187 4339 esse3
1223 4265 1275 4323 scd
1302 4265 1426 4324 libertae

339 4389 446 4430 nomen
470 4380 616 4448 oportune
639 4371 772 4430 additum
794 4391 855 4428 rem
879 4370 1005 4429 conficit.

340 4471 412 4532 Loci
435 4493 544 4532 nomen
560 4474 699 4552 Apscilla
722 4473 770 4532 vel
793 4473 890 4532 simile
913 4482 1014 4531 notum
1037 4489 1096 4531 non
1119 4481 1179 4542 ost3
1202 4470 1254 4528 sed
1269 4469 1318 4546 Ap
1339 4469 1427 4528 radix

340 4577 370 4633 in
394 4577 560 4654 Appiorum
585 4577 705 4635 nomine
729 4574 841 4636 Sabino
864 4585 952 4651 atque
974 4575 1003 4631 in
1027 4573 1167 4632 derivatis
1190 4572 1282 4630 veluti
1306 4572 1427 4648 Apicius

342 4678 470 4754 Apcsius
492 4679 646 4756 Apaticliua
668 4676 775 4754 (Sorae
797 4675 882 4738 l.,N.
900 4676 980 4736 9519
1005 4683 1080 4734 teste
1105 4673 1221 4744 Gudio)
1244 4681 1315 4732 nota
1336 4675 1426 4731 etiam

341 4781 371 4838 in
386 4780 520 4840 locorum
539 4781 709 4840 nominibus
725 4781 849 4839 vetustis
866 4769 964 4854 Apina
979 4777 1118 4837 Dauniae
1138 4776 1272 4851 (Plinius
1288 4776 1305 4832 3
1323 4775 1339 4851 ξ
1355 4775 1427 4851 104)

341 4883 458 4959 Apiolis
480 4885 517 4942 ab
540 4885 625 4942 Anco
647 4885 705 4942 ium
727 4883 841 4941 eversis
865 4879 983 4956 (Liuius
1002 4881 1028 4952 l,
1045 4880 1083 4938 35
1106 4897 1144 4936 ex
1160 4876 1284 4936 Valerio
1303 4877 1427 4935 Antiate

342 4987 501 5046 secundum
519 4985 649 5044 Plinium
667 4987 684 5044 3
708 4984 725 5060 ᾗ
742 4984 795 5060 70)
817 4983 946 5060 Apicilia
968 4982 1043 5060 (sita
1063 4980 1118 5039 illa
1136 4981 1214 5038 inter
1229 4977 1427 5039 Concordiam

342 5099 371 5148 et
385 5088 571 5166 Aquileiam
593 5088 690 5147 itiner.
709 5085 912 5162 Hierosolym.
935 5105 964 5162 p.
981 5083 1041 5144 559
1055 5081 1169 5158 Wess.)
1189 5080 1426 5159 deprehenditur.

342 5192 390 5250 Ad
412 5190 619 5268 Apscillanum
642 5188 801 5265 Apstidius
823 5188 961 5265 proxime
983 5185 1107 5246 accedit.

1183 5288 1201 5346 3
