3540 5828
599 509 673 560 unx
690 510 771 566 con.
793 511 1019 562 cuunmvaa.
1403 495 1472 564 147
1488 485 1491 496 ’

1322 617 1476 626 ——1-——a

143 707 180 748 oa
200 709 233 747 re
255 688 392 760 differre,
415 686 495 764 qnod
516 686 569 746 ille
592 686 658 746 solo
680 703 830 746 consensu
850 687 1031 763 perficiatur,
1057 685 1105 745 hio
1126 687 1345 764 quodammodo
1367 687 1475 746 litteris
1582 733 1585 760 ,

144 791 181 850 de
207 810 244 849 ea
269 810 302 848 rc
327 791 416 849 factis
438 790 487 849 vel
515 789 616 865 potius
644 797 758 848 tessera
783 785 901 864 data1).
943 788 1008 846 lam
1031 798 1207 866 patronatus
1229 789 1256 847 is
1279 809 1365 867 quem
1388 791 1503 870 nobise

142 901 350 972 repraesentat
377 891 427 950 lex
458 889 599 952 Caesaris
627 901 739 968 quanto
766 893 891 968 propius
920 891 959 950 ad
987 891 1168 968 primitivam
1199 892 1326 952 sormam
1354 893 1477 950 accedat

143 1017 234 1074 quam
261 1014 350 1073 quem
379 995 466 1054 nobis
494 1003 756 1072 repraesentarent
785 994 963 1054 documenta
991 995 1088 1053 adhuc
1116 1005 1187 1054 nota
1215 996 1321 1055 aetatis
1346 996 1476 1070 impera-

144 1100 240 1158 toriae
265 1098 327 1158 serc
348 1097 463 1166 omnia,
491 1116 578 1156 nemo
605 1108 652 1155 est
677 1098 748 1173 quin
776 1097 883 1156 videat.
927 1096 1132 1176 Distinguitur
1157 1098 1188 1154 in
1214 1096 1278 1174 lege
1300 1098 1350 1174 qui
1371 1093 1476 1174 ‘potro-

144 1221 199 1260 mos
227 1211 270 1259 est
292 1195 495 1276 adoptaturus’
521 1202 574 1276 (3,
596 1199 655 1274 15)
684 1199 748 1258 sive
774 1194 921 1276 ‘patronus
947 1202 1104 1276 adoptator
1131 1203 1251 1258 sumimur
1273 1195 1320 1276 ‘fit'
1346 1199 1396 1275 (7,
1416 1200 1476 1275 43)

146 1306 185 1363 ab
207 1323 243 1363 eo
265 1302 316 1381 qui
335 1299 445 1380 “hospes
467 1306 626 1379 adoptatur
647 1320 797 1378 quorumve
818 1302 970 1379 hospitium
992 1313 1130 1361 tesssroue
1152 1301 1302 1377 hospitalis
1320 1297 1377 1378 fit’.
1420 1301 1477 1360 Ille

145 1409 243 1466 honor
268 1407 363 1466 maior
383 1414 443 1478 est,
471 1405 520 1463 hic
544 1405 652 1478 minor,
682 1423 748 1464 cum
772 1405 810 1464 ad
832 1412 1021 1481 patronatum
1042 1404 1259 1463 decernendum
1279 1404 1355 1462 dnae
1377 1413 1477 1480 partes

145 1509 336 1567 decurionum
363 1511 567 1585 requirantur,
595 1509 625 1566 in
652 1507 783 1583 hospitio
812 1507 917 1566 solitus
945 1525 1087 1566 numerus
1115 1506 1260 1579 sufficiat,
1285 1508 1356 1566 item
1382 1525 1479 1582 poena

146 1611 300 1688 adscripta
322 1613 361 1670 sit
381 1612 412 1669 in
434 1611 486 1669 illo
508 1611 606 1669 decies
629 1617 713 1668 tanta
734 1619 845 1687 quanta
866 1610 896 1667 in
919 1610 976 1667 hoc
998 1619 1052 1668 est.
1088 1610 1153 1668 Iam
1175 1611 1232 1668 bac
1253 1610 1319 1685 lege
1335 1608 1478 1668 admoniti

145 1713 346 1791 intellegimus
370 1712 539 1773 Gaditanos
565 1713 728 1797 hospitium
756 1711 943 1770 solummodo
970 1712 1088 1787 publice
1111 1712 1219 1771 fecisse
1241 1722 1357 1770 tessera
1377 1713 1479 1770 oblata

146 1836 214 1880 cnm
242 1817 307 1876 cive
337 1816 410 1875 clim
439 1833 509 1888 suo,
535 1817 595 1876 iam
622 1815 761 1874 Romano
790 1813 826 1872 L.
856 1812 998 1874 Cornelio
1026 1809 1176 1890 Balbot),
1208 1833 1398 1892 nequaquam
1426 1834 1478 1892 pa·

146 1933 266 1983 bonnm
293 1905 360 1979 eum
388 1919 446 1977 sibi
474 1917 676 1996 adoptavisse.
721 1916 852 1976 Omnino
876 1924 981 1993 postea
1009 1917 1126 1998 demum
1147 1925 1273 1994 uterque
1295 1919 1391 1976 honor
1412 1936 1479 1993 per-

145 2034 237 2102 petuo
269 2023 508 2098 necessitatesque
534 2020 663 2098 quadam
689 2019 829 2096 coniungi
859 2019 955 2095 coepti
985 2027 1055 2078 sunt
1082 2020 1248 2096 acciditque
1274 2021 1322 2078 hio
1349 2037 1479 2096 quoque,

147 2135 181 2185 ut
210 2125 372 2185 honoribus
400 2123 686 2183 increbrescentibus
715 2132 745 2182 et
766 2122 828 2181 iere
848 2121 1034 2200 pervulgatis
1057 2121 1170 2181 minore
1192 2122 1302 2181 nemini
1324 2123 1384 2181 iam
1406 2122 1480 2182 satis
1528 2175 1529 2184 ,

146 2230 233 2288 lieret
260 2229 360 2303 itaque
389 2226 520 2302 simplex
552 2225 715 2302 hospitium
742 2223 963 2301 quodammodo
992 2224 1228 2300 exolesceretl).
1249 2257 1286 2267 -
1318 2225 1481 2284 Praeterea

146 2331 281 2392 notabile
309 2337 355 2388 est
379 2330 410 2388 in
437 2330 493 2387 hac
521 2328 587 2405 lege
613 2337 771 2404 patronum
796 2327 948 2403 adoptari,
975 2335 1008 2386 nt
1030 2326 1176 2403 Oioer0⁴)
1198 2345 1316 2404 quoqne
1336 2327 1480 2402 loquitur,

147 2457 208 2495 non
231 2432 381 2510 cooptari,
409 2431 488 2508 qnod
510 2430 688 2490 vocabulum
711 2431 749 2488 ab
770 2430 898 2507 Augusti
921 2431 990 2490 inde
1013 2438 1111 2490 aetate
1131 2431 1162 2489 in
1183 2449 1219 2488 ea
1241 2450 1273 2489 re
1295 2429 1480 2507 sollemne⁵)

147 2537 344 2597 nihilominus
371 2532 430 2610 ipsi
457 2541 541 2592 actus
563 2533 737 2610 proprietati
760 2551 865 2608 parum
888 2541 989 2608 aptum
1016 2540 1074 2605 cst;
1103 2551 1198 2610 neque
1220 2519 1440 2610 enimproprie
1462 2553 1480 2592 a

18 2657 20 2660 ·
99 2671 102 2676 ·
148 2639 272 2716 collegis
287 2636 394 2696 suturis
410 2643 556 2713 patronus
571 2635 690 2694 futurus
707 2636 893 2694 adsciscitur.
924 2636 1287 2713 Quamquamcooptandi
1303 2636 1481 2695 vocabulum

149 2763 186 2802 eo
209 2741 325 2800 nomine
348 2739 485 2798 excusari
507 2744 621 2814 potest,
647 2737 728 2813 qnod
755 2748 834 2797 certe
854 2739 1021 2814 posteriore
1043 2749 1176 2816 tempore
1198 2739 1287 2798 etiam
1308 2741 1428 2816 patroni
1449 2740 1480 2799 in

148 2847 219 2904 albo
245 2841 436 2901 decurionum
463 2841 723 2916 perscribebantur
748 2850 779 2900 et
804 2841 983 2917 quodammo
1010 2841 1220 2900 decurionibus
1246 2842 1481 2901 adnumeraban-

147 2955 207 3008 tur.
224 2981 262 2990 -
288 2944 444 3004 Accedunt
465 2943 526 3002 alia
546 2944 618 3002 item
641 2951 671 3002 et
691 2961 772 3002 nova
792 2950 823 3003 et
844 2944 964 3020 cognitu
986 2943 1085 3021 digna.
1129 2943 1279 3002 Patronos
1302 2945 1400 3003 adhuc
1420 2962 1482 3004 cre·

147 3051 291 3109 debemus
313 3046 412 3106 nullos
433 3046 499 3105 lieri
519 3047 656 3123 potuisse
679 3046 735 3105 nisi
758 3065 795 3105 ex
818 3045 1012 3105 decurionum
1033 3046 1167 3116 decret03
1189 3047 1249 3104 iam
1267 3065 1337 3105 vero
1355 3047 1481 3107 addisci-

146 3171 217 3212 mus
245 3149 380 3210 colonias
403 3149 455 3224 qui
477 3148 675 3208 deduxissent
696 3149 786 3224 quire
808 3149 924 3207 colonis
947 3167 1036 3227 agros
1058 3148 1209 3208 dedissent
1231 3149 1482 3227 adsignavissent‚

147 3257 233 3331 ipsos
259 3253 371 3311 liberos
398 3258 596 3327 posterosque
622 3269 724 3310 eorum
752 3253 819 3328 ipso
840 3251 903 3309 iure
925 3251 989 3310 eius
1012 3251 1148 3310 coloniae
1169 3259 1313 3328 patronos
1336 3251 1480 3328 suisset).

147 3358 197 3416 Ita
222 3353 303 3432 qnod
330 3351 475 3429 Cicerol)
505 3352 609 3411 scribit
634 3358 684 3430 qui
710 3356 836 3413 civitates
861 3362 913 3412 out
937 3356 1065 3412 conones
1093 3355 1217 3412 deuictos
1243 3353 1314 3430 bello
1343 3357 1374 3410 iu
1395 3355 1482 3430 fidem

147 3462 334 3536 recepissent,
367 3475 461 3515 eorum
483 3464 624 3532 patronos
645 3459 742 3532 saissa
768 3474 844 3514 moro
873 3459 1025 3526 maiorum,
1058 3456 1194 3515 similiter
1223 3456 1482 3532 interpretabimur

148 3563 201 3640 qui
230 3559 377 3638 populum
404 3558 553 3618 devictum
580 3559 610 3616 in
636 3558 725 3617 fidem
746 3559 905 3636 receperit,
933 3577 992 3618 nou
1014 3559 1052 3617 ob
1074 3558 1105 3618 id
1126 3559 1301 3618 beneficium
1324 3568 1481 3635 patronum

148 3664 260 3734 creari,
286 3662 340 3722 sed
367 3680 403 3719 eo
429 3661 513 3737 ipso,
541 3660 623 3735 quod
648 3661 680 3719 in
704 3660 794 3719 tidem
820 3679 887 3720 eum
912 3662 1038 3738 recepit,
1065 3669 1222 3737 patronum
1245 3661 1481 3720 effectum-esse.

146 3766 189 3826 Et
212 3784 281 3824 rere
307 3763 353 3824 sic
374 3762 506 3822 redimus
529 3764 567 3822 ad
588 3769 764 3856 patronatus
786 3763 915 3840 genuina
935 3764 1113 3841 primordia3
1139 3782 1208 3822 nam
1230 3773 1263 3823 nt
1283 3763 1315 3822 in
1336 3764 1400 3821 iure
1422 3764 1481 3840 pri·

149 3957 355 3969 ....-—--

228 4100 252 4163 ¹)
278 4101 298 4150 1.
312 4116 333 4149 c.
352 4115 379 4166 p.
394 4099 456 4152 341.
471 4099 533 4151 362.

225 4190 254 4254 2)
285 4192 376 4244 Cicero
395 4208 442 4258 pro
462 4191 537 4242 Balb.
554 4193 596 4254 18,
612 4193 661 4241 41:
681 4189 815 4258 hospitium
915 4207 968 4242 cum
988 4189 1020 4242 L.
1038 4189 1152 4244 Cornelio
1170 4189 1311 4242 Gaditanos
1322 4189 1418 4256 secisse
1432 4206 1482 4258 pu-

150 4284 217 4336 blice
236 4283 309 4335 daco.-
323 4284 455 4352 proferam
474 4291 599 4334 tesseram,

202 4363 203 4366 ¹
227 4374 251 4439 ³)
281 4378 331 4427 Vel
356 4377 511 4442 gentilitates
536 4377 602 4426 dnae
625 4377 708 4441 gentis
726 4378 862 4427 Zoelarum
887 4392 933 4426 eae
958 4392 1024 4442 qnae
1048 4393 1072 4428 a.
1092 4396 1116 4444 p.
1138 4378 1198 4428 Chr.
1214 4379 1247 4427 st
1272 4369 1420 4441 'hospitium
1440 4392 1482 4426 ve·

148 4479 245 4520 tnstnm
269 4461 410 4535 antiquom'
434 4470 502 4518 inter
531 4455 558 4519 se
583 4476 752 4532 renovarunt,
779 4471 835 4520 solo
861 4485 891 4519 eo
917 4486 970 4520 non
995 4472 1108 4521 contenti
1129 4464 1225 4531 ‘ali(u)s
1248 4465 1328 4518 alium
1352 4470 1379 4518 in
1405 4469 1483 4518 tidem

149 4562 347 4627 clientelamque
371 4577 443 4612 suam
463 4577 619 4626 suorumque
637 4562 776 4612 liberorum
794 4570 1005 4628 posterorumque
1027 4554 1184 4628 receperunt'
1204 4561 1307 4622 (v01.11
1326 4576 1351 4610 n.
1366 4561 1437 4611 2633
1449 4581 1481 4602 =

148 4654 231 4706 Orcll.
249 4653 320 4715 156).
346 4637 347 4640 Ἴ
1062 4631 1063 4640 l

227 4743 253 4807 ⁴)
281 4745 334 4798 1²10
354 4745 421 4798 sas.
435 4747 461 4807 4,
476 4747 501 4797 s.
534 4729 603 4797 euri.
619 4749 643 4808 a,
659 4749 703 4810 41,
721 4748 780 4797 107.
802 4748 827 4810 o,
843 4747 867 4810 5,
884 4749 926 4799 rs.
957 4749 1016 4798 va.
1035 4748 1108 4798 unx.
1123 4748 1148 4809 a,
1165 4745 1206 4808 15,
1223 4749 1246 4796 1.
1278 4743 1418 4796 parronam
1436 4743 1482 4795 aa.

148 4839 259 4890 sciscere
271 4835 364 4888 Cicero
384 4839 410 4888 in
430 4837 483 4890 Pis.
499 4840 542 4900 11,
556 4839 600 4889 25.

229 4928 253 4992 ⁵)
282 4930 399 4981 Primum
423 4930 552 4981 invenitur
574 4931 642 4996 quod
662 4933 742 4982 sciam
761 4933 789 4983 in
808 4933 895 4983 tabula
914 4947 975 4998 ap.
991 4931 1052 4984 chr.
1067 4934 1118 4983 742
1139 4930 1228 4994 (Orell.
1245 4932 1336 4992 3693).
1374 4931 1406 4981 In
1425 4946 1483 4981 aere

149 5023 332 5088 antiquissimo
350 5023 402 5072 vol.
415 5023 429 5073 1
448 5039 473 5073 n.
488 5025 540 5074 532
561 5025 764 5089 supplementum
786 5025 855 5089 quod
868 5026 942 5091 posui
955 5026 1093 5075 oeconomis
1105 5023 1260 5092 co[ptomas]
1274 5024 1423 5074 mutandum
1437 5030 1484 5073 est.

229 5113 255 5176 ⁶)
282 5117 323 5166 Ita
335 5115 366 5166 P.
380 5115 453 5168 Sulla
472 5116 588 5167 coloniae
607 5132 623 5167 a
635 5133 667 5178 ss„
674 5117 814 5182 Pompeios
827 5117 953 5169 deductae
967 5124 1090 5184 patronus
1103 5117 1153 5169 tuit
1172 5116 1275 5182 (Cicero
1287 5133 1335 5186 pro
1348 5117 1414 5171 sall.
1428 5114 1483 5180 21).

230 5203 256 5268 τ)
283 5207 324 5258 De
344 5208 412 5259 offic.
433 5209 458 5271 1,
475 5209 517 5270 11,
533 5207 576 5259 35.
