3466 5820
398 544 450 596 so.
470 509 518 594 nn
536 544 717 600 nvanrurs
736 543 875 598 saurus
893 543 1112 596 ansvausrs.
1344 521 1430 594 283.

133 727 164 777 et
190 718 368 794 [eorlibuodo
389 721 543 795 adficerent
568 720 687 796 repperi
712 719 827 777 litteras
848 717 979 784 ,deficere
1002 738 1027 778 o.
1053 715 1104 790 12,
1131 717 1241 793 quibus
1267 714 1421 775 commode

131 822 280 881 inseretur
302 821 367 880 dies
389 823 458 880 idib.
484 821 596 880 Octobr.
619 822 668 880 vel
690 821 740 898 qui
762 822 839 879 alius
862 821 927 879 tuit.

90 924 141 982 Ad
162 943 190 982 v.
207 923 234 982 8.
278 923 341 981 Vix
368 924 526 1000 quicquam
553 937 600 984 est
626 924 660 983 in
686 923 743 981 hoc
765 923 942 982 documento
965 923 1059 1000 magis
1082 923 1236 981 insolitum
1259 929 1288 981 et
1309 938 1420 980 novum

131 1045 221 1103 quam
245 1011 436 1102 quaestbrum
457 1027 577 1085 nomina
598 1025 637 1083 ad
659 1044 725 1098 eos,
752 1026 803 1101 qui
831 1034 953 1084 senatus
976 1025 1110 1084 consulto
1132 1022 1345 1102 perscribendo
1368 1022 1421 1079 ad-

131 1129 281 1200 hibentur,
303 1128 454 1204 adscripta
474 1129 541 1188 loeo
564 1137 708 1187 extremo.
750 1127 879 1187 Diversa
901 1147 939 1186 ex
961 1145 1054 1186 causa
1076 1117 1420 1204 quaestoresadhib'itos

132 1249 200 1289 esse
226 1241 314 1307 atque
337 1230 442 1289 solitos
470 1240 590 1290 senatus
618 1230 822 1289 consultorum
848 1238 939 1288 testes
961 1230 1074 1288 indicat
1095 1238 1154 1286 tam
1177 1229 1346 1305 quaestoris
1369 1246 1421 1303 ap-

132 1333 254 1409 pellatio
276 1333 394 1409 utrique
417 1315 531 1406 addita,
555 1353 621 1392 cum
644 1341 736 1392 testes
758 1333 837 1392 uude
858 1332 1096 1409 perscribantur,
1119 1350 1207 1408 quam
1229 1331 1309 1408 quod
1331 1349 1421 1407 quae-

133 1442 197 1492 stor
217 1454 255 1492 ne
278 1445 397 1494 senator
419 1435 539 1512 quidem
562 1446 616 1510 est,
643 1455 710 1494 oum
733 1435 896 1512 quaestorii
917 1435 1037 1492 demum
1059 1436 1248 1493 senatoribus
1269 1433 1421 1492 accedant.

131 1537 267 1597 Pertinet
293 1537 363 1610 nne,
392 1538 421 1595 ni
444 1538 549 1610 fallor,
577 1538 658 1614 quoa
680 1538 784 1597 senaa
804 1538 866 1596 uto
882 1537 990 1610 oasa
1014 1523 1197 1614 Augustum,
1226 1555 1293 1594 eum
1315 1535 1422 1594 serani

132 1657 231 1697 curam
254 1659 272 1699 a
294 1640 502 1717 quaestoribus
525 1641 646 1699 urbanis
670 1640 706 1699 ad
730 1641 806 1698 alios
824 1640 1018 1718 magistratus
1035 1640 1093 1697 iam
1109 1648 1198 1698 antea
1211 1638 1422 1709 transtulisset,

132 1761 159 1800 a.
182 1763 210 1799 ιι.
233 1760 258 1800 c.
280 1743 339 1800 743
370 1743 490 1801 sublata
517 1743 668 1802 aedilium·
686 1744 933 1818 tribunorumque
961 1743 997 1800 de
1026 1742 1082 1800 hac
1110 1761 1142 1800 re
1170 1748 1317 1817 potestate
1347 1739 1420 1797 solis
1476 1731 1479 1742 ¹

131 1845 343 1919 quaestoribus
371 1855 492 1903 senatus
518 1846 719 1904 consultorum
743 1864 845 1904 curam
867 1845 1054 1922 permisisse:
1081 1845 1139 1904 mic
1159 1834 1272 1908 ταμίαις
1292 1837 1329 1898 rei
1352 1835 1423 1918 δίγ-

130 1968 208 2013 porra
234 1941 273 2003 roi
300 1935 437 2004 {adorere
463 1938 619 2025 «γιγνὲμενα
646 1941 694 2005 bul
721 1949 856 2025 φυλακῆς
882 1943 1030 2004 ποιεῖσθαι
1053 1934 1224 2016 ἐκελεύσθη.
1267 1943 1311 2003 Ut
1331 1944 1422 2020 igitur

134 2066 193 2124 quo
220 2056 353 2124 tempore
380 2059 554 2125 quaestores
579 2050 719 2128 pecunias
741 2050 876 2127 publicas
898 2057 1026 2108 tractare
1049 2047 1214 2120 desierunt,
1242 2066 1321 2114 eam,
1343 2064 1420 2122 quae

130 2149 161 2207 in
184 2161 306 2211 senatus
329 2152 474 2212 consultis
496 2153 692 2211 adservandis
716 2152 853 2224 vertitur,
882 2152 989 2210 aerarii
1016 2150 1302 2210 administrationem
1324 2147 1420 2206 nihilo

131 2253 229 2312 minus
251 2253 445 2324 retinuerunt,
468 2254 509 2312 ita
531 2265 761 2314 consentaneum
785 2263 830 2314 est
852 2256 888 2313 ab
907 2275 938 2314 a.
954 2255 1023 2313 inde
1038 2253 1096 2312 743
1120 2253 1177 2312 boo
1195 2271 1314 2329 quoque
1328 2251 1421 2310 intro·

55 2411 57 2414 .
90 2395 91 2398 ,
131 2354 250 2414 ductum
273 2375 355 2429 esse,
381 2367 414 2416 ut
442 2357 609 2417 deferendis
631 2359 669 2416 ad
690 2359 773 2433 ipsos
801 2364 923 2416 senatus
950 2356 1094 2415 consultis
1121 2355 1209 2414 etiam
1233 2354 1421 2432 perscriben-

131 2456 177 2516 dis
208 2458 348 2518 adessent
372 2459 552 2535 nominaque
579 2479 681 2518 eorum
704 2469 773 2537 post
794 2469 884 2518 testes
907 2459 1069 2518 sollemnes
1089 2459 1338 2518 adscriberentur.
1382 2456 1420 2514 Ei

131 2561 188 2618 soli
210 2561 330 2637 negotio
352 2572 450 2621 aetate
472 2563 665 2639 imperatoria
686 2571 864 2638 quaestores
885 2562 990 2621 urbani
1012 2563 1148 2619 videntur
1172 2561 1336 2619 vacavisse.

88 2660 138 2719 Ad
161 2680 188 2720 v.
206 2662 232 2719 8.
250 2662 277 2720 9.
297 2665 343 2722 10.
382 2663 457 2724 Cum
472 2666 684 2724 vetustioribus
712 2674 832 2723 senatus
855 2664 998 2723 consultis
1016 2663 1165 2723 subscribi
1181 2663 1277 2722 soleat
1291 2663 1421 2721 vocabu·

131 2764 193 2822 lum
216 2783 356 2837 censuere,
379 2766 481 2826 addito
504 2776 601 2832 aetate
622 2767 815 2844 imperatoria
835 2767 920 2843 (puto
943 2787 980 2826 ex
1001 2768 1213 2826 constitutione
1228 2766 1265 2824 ab
1278 2768 1419 2840 Augusto

129 2868 418 2938 aneatorum,
446 2869 481 2927 de
508 2888 568 2946 qua
595 2871 735 2948 exposuit
763 2869 823 2928 Dio
846 2870 934 2940 53‚3
958 2870 996 2928 cl.
1020 2870 1074 2942 54,
1092 2869 1150 2944 35)
1175 2878 1346 2926 senatorum
1368 2867 1420 2942 qui
1444 2931 1445 2934 Ἴ

130 2970 309 3027 sententiam
336 2969 373 3028 de
401 2989 436 3028 ea
463 2991 495 3028 re
521 2972 661 3031 tulissent
688 2991 825 3042 numero,
852 2971 901 3030 hic
923 2983 956 3030 ut
977 2990 1116 3030 numerus
1138 2971 1208 3029 item
1230 2969 1417 3041 adscribitur,

128 3071 172 3129 ita
199 3091 255 3147 pro
283 3072 362 3130 nudo
393 3073 533 3132 censendi
562 3075 705 3133 vocabulo
732 3074 861 3133 formula
891 3075 1014 3133 inducta
1044 3083 1089 3133 est
1119 3073 1246 3131 sormam
1277 3070 1417 3130 censendi

130 3174 296 3233 accuratius
318 3175 472 3236 declarans
495 3175 637 3258 a(euotos)
661 3176 846 3253 c(ooaoltom)
864 3195 920 3252 por
941 3178 1140 3236 discessionem
1154 3178 1276 3249 facturn.
1318 3173 1353 3232 Id
1376 3173 1416 3231 si·
1469 3243 1471 3248 Ι

128 3275 237 3334 militer
259 3285 291 3335 ut
312 3277 342 3336 in
364 3283 394 3336 in
410 3289 529 3338 senatus
545 3280 682 3338 consulto
697 3279 909 3356 perscribendo
925 3279 1137 3351 enuntiaretur,
1160 3284 1230 3354 post
1245 3278 1416 3355 Augustum

129 3379 322 3438 constitutum
346 3381 386 3438 sit
407 3401 528 3443 necesse
550 3389 604 3440 est.
648 3381 785 3458 Utraque
807 3391 905 3440 autem
928 3381 1082 3440 adnotatio
1103 3380 1250 3456 reperitur
1270 3380 1418 3438 translata

129 3499 167 3546 ex
188 3479 255 3538 loco
277 3490 412 3552 extremo
433 3485 464 3542 in
486 3485 582 3562 ipsum
606 3495 727 3543 senatus
750 3485 878 3543 consulti
894 3483 1089 3560 principium.

85 3582 138 3640 Ad
159 3602 191 3650 ι.Ι
205 3581 253 3641 25.
298 3583 398 3644 Verba
414 3597 512 3645 -octam
535 3587 628 3645 idibus
649 3587 761 3646 Octobr.
784 3587 821 3644 P.
837 3587 938 3645 Cossio
959 3585 1089 3645 Secundo
1105 3584 1149 3642 M.
1165 3584 1262 3642 Nouio
1277 3584 1416 3642 Muciano

128 3702 187 3741 non
215 3694 284 3743 sunt
314 3705 385 3763 pars
417 3696 538 3747 senatus
571 3690 713 3762 consulti,
747 3690 799 3748 sed
828 3688 982 3746 exordium
1010 3687 1053 3746 ita
1077 3687 1267 3758 continuant,
1299 3695 1332 3744 ut
1359 3687 1416 3744 hoc
1445 3687 1447 3694 ’

128 3787 296 3864 significent
329 3797 451 3850 senatus
487 3791 655 3850 consultum
690 3810 724 3848 ea
757 3791 804 3850 die
839 3790 1020 3866 descriptum
1058 3798 1088 3847 et
1119 3790 1303 3866 recognitum
1338 3806 1414 3847 csse.

127 3887 207 3947 Nam
237 3891 344 3950 similis
370 3892 500 3950 formula
525 3893 603 3952 redit
623 3893 653 3951 in
678 3913 737 3951 uno
759 3893 1016 3952 senatusconsulto
1038 3892 1133 3949 relato
1155 3892 1192 3950 ab
1214 3891 1344 3967 Iosepho
1368 3891 1414 3962 14,

131 3989 254 4064 10,10‚
281 3992 333 4052 ubi
359 4003 429 4071 post
454 3995 552 4072 ipsum
581 3995 730 4054 decretum
757 4015 823 4054 cum
850 3996 1035 4072 praescripto
1059 3994 1107 4052 die
1133 3993 1178 4052 III
1202 3993 1243 4052 id.
1267 3995 1340 4070 Apr.
1368 4009 1415 4052 se-

128 4102 259 4168 quuntur
284 4097 374 4154 verba
400 4096 488 4156 haec:
515 4089 625 4174 ἐγένετο
651 4093 702 4181 apd
729 4089 806 4154 aiore
833 4092 913 4154 εἰδῶν
939 4089 1136 4180 Φεβρουαρίων
1162 4094 1189 4152 ἐν
1215 4097 1256 4172 rq'i
1281 4096 1343 4171 ναῷ
1366 4096 1416 4165 τῆς

125 4187 272 4260 Ὁμονοίας
298 4199 472 4258 consulibus
498 4200 620 4259 omissis
645 4200 773 4259 sortasse
799 4201 888 4276 culpa
911 4199 1044 4276 Iosephi3
1071 4199 1239 4273 habentque
1260 4197 1334 4256 haec
1356 4196 1440 4262 duo¹

129 4300 391 4358 senatusconsultu
417 4301 483 4359 sola
510 4321 548 4360 ex
574 4302 611 4360 iis
638 4319 714 4378 quae
742 4310 905 4378 supersunt
931 4301 1087 4359 exordium
1109 4300 1146 4358 de
1167 4299 1363 4358 describendo
1386 4309 1416 4357 et

128 4402 379 4475 recognoscendo.
423 4401 511 4462 Unde
538 4412 661 4480 apparet
688 4405 835 4463 eiusmodi
862 4405 975 4463 dierum
1003 4403 1210 4462 adnotationes
1238 4421 1304 4461 cum
1327 4419 1414 4460 exor-

127 4499 186 4558 diis
213 4502 436 4579 ooniungendas
462 4505 580 4581 esse¹).
626 4506 764 4583 Denique
787 4508 944 4567 exordium
967 4508 1045 4566 diem
1067 4504 1287 4582 quodammodo
1315 4504 1415 4580 requi-

127 4601 179 4672 rit;
203 4622 270 4661 narn
293 4607 470 4684 saepissime
491 4609 690 4667 instrumenta
711 4610 859 4686 descripta
875 4618 904 4668 et
918 4611 1071 4687 recognita
1085 4609 1128 4666 ita
1142 4607 1359 4683 concipiuntur,
1381 4616 1415 4663 ut

127 4705 291 4781 exemplari
317 4707 463 4786 descripto
489 4719 691 4789 praeponatur
712 4712 867 4771 exordium
889 4713 925 4771 de
947 4711 1157 4784 describendo,
1182 4709 1328 4768 adiciatur
1349 4708 1413 4766 dies

85 4895 288 4906 —-—-—...—.

162 5039 185 5102 ¹)
213 5043 298 5091 Aliter
322 5043 353 5092 de
378 5043 435 5091 loco
458 5042 563 5107 Iosephi
587 5043 710 5092 iudicavit
729 5043 880 5094 Hnebuarus
904 5047 930 5095 in
956 5046 1140 5094 commentario
1166 5045 1198 5093 de
1224 5043 1287 5092 actis
1311 5051 1413 5093 senatus

86 5147 111 5195 p.
131 5148 156 5196 q.
176 5133 207 5184 R.
227 5150 252 5198 p.
269 5137 317 5198 183
335 5135 381 5184 sed
400 5135 552 5184 documento
572 5135 600 5184 in
620 5135 711 5185 Africa
730 5144 831 5200 reperto
851 5139 965 5203 quaestio
986 5138 1072 5187 decisa
1090 5145 1135 5187 est.
