3510 5820
319 469 364 539 12
910 485 1049 536 xersen

314 662 487 721 Boeckhius
517 661 672 721 refellitur.
722 660 850 737 Triplex
882 659 1018 718 mulieris
1051 659 1117 718 laus
1145 660 1281 732 effertnr3
1314 658 1411 736 prima
1438 658 1519 735 quod
1547 658 1584 718 de
1612 678 1645 718 rc

313 764 434 841 publica
455 766 530 824 bene
552 764 658 824 merita
679 763 732 836 sit,
754 762 849 821 altera
869 762 951 839 quod
972 781 1009 821 ne
1031 779 1117 821 saera
1138 761 1257 840 quidem
1279 780 1404 821 monera
1426 762 1643 835 detrectaverit,

313 866 402 926 tertia
426 866 506 943 quod
528 869 597 944 ipsa
616 867 691 926 bene
714 866 820 924 merita
840 883 859 923 a
880 864 1042 923 maioribus
1065 864 1259 924 nobilissimis
1281 863 1473 924 descenderit.
1519 863 1645 942 Singula

313 969 498 1047 singulorum
520 989 596 1047 quae
618 970 728 1046 copule
749 974 852 1027 carent
872 974 1052 1025 commatum
1074 968 1208 1026 membra
1226 957 1274 1024 aui
1290 967 1435 1044 particula
1450 976 1645 1026 conectuntur

313 1063 458 1154 (πρύτανιν
477 1061 526 1129 ucri
547 1062 698 1155 εὐεργέτιν,
719 1059 807 1153 lapion
827 1058 875 1127 nai
896 1059 1062 1152 ἷεξοφιῖρον),
1088 1069 1165 1128 unde
1186 1076 1339 1147 peceatum
1362 1077 1426 1128 erat
1448 1069 1474 1128 si
1494 1061 1593 1146 λέγιος
1614 1081 1645 1130 et

302 1163 447 1266 Ιπρύτανις
477 1174 622 1233 vocabula
650 1163 812 1230 ιὲουνδέτωο
841 1172 1036 1254 ponebantur.
1071 1165 1223 1248 'Denique
1252 1189 1341 1248 quam
1368 1181 1436 1248 apte
1465 1171 1642 1232 adiectivom

312 1266 412 1350 λόγιος
433 1275 469 1334 ad
492 1276 714 1337 substantivum
736 1264 868 1357 πρύτανις
889 1274 1022 1346 accedat,
1043 1274 1131 1333 docet
1152 1274 1245 1354 epigr.
1268 1275 1305 1332 A.
1327 1273 1395 1333 Pal.
1417 1274 1497 1352 App.
1520 1295 1549 1333 n.
1565 1273 1641 1334 346:

618 1469 697 1538 τιμῆς
718 1457 862 1552 ἄρχοντος·
883 1459 982 1544 doymo
1005 1455 1096 1549 χάριν
1118 1453 1273 1535 ἐστήσαντο

657 1561 753 1642 βουλὴ
775 1559 824 1627 nai
846 1561 981 1636 βασιλεῖς
1002 1561 1049 1626 τᾶν
1071 1561 1162 1644 cedria
1182 1557 1333 1633 Εὗσὲβιον.

393 1744 446 1801 τοῖν
467 1741 546 1801 θεοῖν
565 1739 722 1822 Ἐτηφιλοῖν
741 1733 789 1802 καὶ
811 1743 970 1827 Kapauta
1013 1739 1160 1803 Neutrum
1188 1760 1297 1800 nomen
1311 1741 1417 1800 habeo
1444 1741 1495 1817 qul
1519 1742 1640 1820 penitus

312 1844 469 1922 explicem.
1048 1911 1052 1920 ,

289 1931 292 1944 '
394 1937 568 2032 ἐργοφόρονς
589 1966 661 2025 apes
684 1958 772 2008 vocat
785 1949 942 2020 Aelianus,
964 1947 1111 2025 virginem
1133 1937 1286 2031 ἐργοφόρον
1308 1963 1369 2004 non
1389 1946 1540 2026 intellego.
1578 1947 1640 2006 lta-

310 2068 369 2126 que
400 2049 554 2110 emendavi
584 2041 735 2135 isporpo'pov.
786 2050 834 2110 Da
862 2050 963 2128 puella
988 2039 1146 2134 κερνοφὸρῳ
1175 2049 1318 2128 cogitavit
1344 2048 1550 2109 Mommsenns
1583 2048 1639 2126 (ct'.

312 2151 347 2212 Ο.
363 2153 388 2211 l.
404 2150 440 2210 L.
460 2152 478 2210 I
499 2173 528 2230 p.
543 2153 612 2212 391.
633 2151 678 2211 VI
698 2172 726 2211 n.
743 2153 827 2229 508).
870 2152 940 2212 Non
971 2153 1092 2212 ultimus
1121 2161 1200 2211 certe
1226 2151 1258 2210 in
1285 2150 1435 2228 mysteriis
1463 2153 1526 2212 sius
1554 2153 1639 2214 locus

310 2255 376 2329 fuit,
399 2273 477 2331 quae
500 2272 586 2314 sacra
606 2254 729 2314 ferebat.

392 2335 520 2416 l’otamo
546 2357 703 2437 legislator
728 2357 825 2416 adhuc
852 2376 911 2416 non
938 2357 1077 2417 innotuit.
1119 2356 1215 2416 Plane
1243 2357 1388 2416 obscurae
1419 2365 1489 2416 sunt
1510 2355 1641 2416 Romani

310 2459 426 2537 imperii
448 2460 634 2536 temporibus
656 2479 703 2519 res
717 2458 908 2533 Lesbiorum,
930 2459 984 2520 sed
1005 2459 1135 2518 conicias
1150 2459 1347 2519 Potamonem
1361 2459 1551 2536 Mytilenaeis
1567 2460 1640 2518 ciri-

309 2562 365 2622 bus
393 2549 508 2620 nescio¹
524 2580 601 2639 quae
622 2562 720 2640 litigia
742 2563 952 2622 exercentibus
974 2569 1165 2639 aesymnetae
1185 2563 1281 2622 instar
1302 2561 1510 2620 intercessisse
1531 2579 1639 2639 resque

309 2664 486 2723 anctoritate
513 2674 544 2724 et
568 2664 727 2741 prudentia
753 2683 809 2724 sua
834 2665 864 2723 in
890 2665 1049 2743 pristinum
1078 2663 1212 2723 ordinem
1237 2663 1400 2741 redegisse.
1443 2652 1566 2739 ἕ[ν]νειιοι
1587 2683 1638 2722 ne-

308 2766 441 2825 cessaria
467 2767 593 2826 motatio
621 2777 681 2839 est3
710 2785 779 2825 nam
808 2767 940 2826 omnium
966 2767 1097 2826 maxime
1123 2766 1212 2825 huius
1241 2766 1321 2826 tituli
1350 2765 1494 2825 dialectos
1523 2767 1638 2826 severis

308 2866 426 2948 legibus
449 2869 594 2928 adstricta
615 2875 670 2928 est.

391 2963 496 3038 τινἰιιιο.
532 2971 643 3032 Nescio
665 2990 705 3031 an
725 2973 779 3032 τοῖο
799 2973 945 3032 articulus
967 2991 1006 3031 ex
1027 2966 1212 3030 antecedenti
1233 2971 1351 3049 syllaba
1372 2975 1438 3028 [ΑΣ
1459 2990 1639 3047 recuperan-

308 3073 364 3134 das
391 3075 439 3135 sit.
483 3067 562 3144 τιμὴν
589 3073 626 3150 (i.
642 3093 667 3133 e.
689 3063 856 3157 ἀνδριάντα)
883 3069 1044 3145 ἆναοτῆοιιι
1070 3091 1130 3131 non
1157 3093 1226 3133 raro
1248 3073 1370 3146 dieitur3
1393 3073 1430 3132 cf.
1453 3070 1488 3133 (l.
1503 3073 1528 3132 1.
1546 3072 1636 3134 2987.

309 3175 400 3236 2818.
432 3175 563 3236 Privatis
584 3177 754 3236 hominibus
776 3195 851 3253 qnos
874 3185 994 3238 senatus
1015 3177 1205 3254 populusque
1222 3176 1394 3236 decreverat
1407 3177 1547 3249 honores,
1567 3195 1637 3254 pro-

307 3279 413 3357 pinqui
445 3279 620 3356 plerumque
647 3279 856 3355 procurabant.
907 3279 1086 3338 Artemisiae
1113 3289 1213 3339 tamen
1239 3288 1354 3339 statuae
1382 3279 1538 3357 ponendae
1565 3296 1639 3337 cura
1694 3357 1696 3362 Ι

307 3381 431 3440 Aurelio
456 3380 566 3440 Proclo
593 3381 713 3459 obtigit,
747 3391 868 3441 senatus
896 3381 1028 3455 scribae,
1056 3382 1115 3441 nisi
1142 3382 1219 3442 forte
1237 3382 1318 3441 idem
1346 3381 1533 3460 propinquus
1562 3388 1637 3452 erat,

307 3484 390 3559 quod
417 3503 456 3543 ex
485 3484 634 3543 communi
660 3483 763 3561 gentili
791 3485 911 3544 nornine
936 3483 1038 3561 colligi
1063 3485 1170 3561 possit.
1218 3483 1427 3544 Nobilioribus
1454 3483 1512 3540 hoc
1539 3481 1637 3552 datur,

307 3594 341 3644 ut
362 3586 484 3645 honoris
507 3587 646 3664 exigendi
668 3585 797 3646 osticium
820 3587 1007 3664 magistratui
1030 3586 1118 3644 alicui
1141 3587 1297 3658 tribuatur,
1319 3585 1410 3644 veluti
1424 3585 1636 3662 imperatorum

313 3689 422 3748 statuis
443 3708 503 3748 non
525 3708 593 3747 raro
614 3690 761 3767 prospicit
782 3689 895 3748 archon
919 3707 1101 3766 eponymus,
1126 3690 1176 3765 qui
1197 3689 1254 3747 hoc
1276 3687 1378 3748 oblato
1399 3687 1498 3746 officio
1519 3695 1550 3745 et
1571 3688 1635 3763 ipse

307 3799 458 3868 tamquam
479 3791 593 3850 honore
615 3792 731 3850 fruitur.
775 3790 933 3866 Exemplis
955 3790 1150 3868 congerendis
1173 3781 1370 3868 supersedeo,
1398 3807 1458 3849 nno
1480 3797 1636 3849 contentus

306 3893 394 3951 titulo
417 3890 557 3953 Sciatheo
580 3890 630 3969 (C.
650 3893 675 3951 I.
697 3891 807 3967 2154),
833 3893 883 3952 ubi
907 3891 1051 3972 Septimio
1075 3892 1185 3955 Severo
1207 3895 1336 3952 honores
1358 3892 1557 3952 decernuntur
1577 3890 1637 3948 ἐνοι-

307 3985 500 4065 mancupium
527 3988 682 4052 Ὑακίνθου
711 3986 828 4052 Πῖστου.
861 3983 975 4065 *Aa-Suc
1003 3985 1087 4077 ἦρξεν
1117 3986 1263 4063 ἐπωνύμου
1294 3991 1401 4080 ἀρχῆς.
1452 3993 1504 4056 Slc
1529 4013 1636 4070 nempe

307 4095 398 4155 edunt
422 4104 452 4155 et
478 4096 595 4155 adunco
622 4106 655 4156 ut
682 4097 766 4156 aiunt
791 4114 865 4156 naso
893 4099 1040 4157 sermonis
1066 4099 1232 4158 barbariem
1258 4097 1452 4177 suspendunt.
1497 4094 1635 4157 Scriben-

305 4197 390 4255 dum:
417 4189 532 4266 llio-rec,
554 4193 628 4256 ἀνθ’
650 4185 682 4268 ἧς
703 4187 788 4282 ἦρξεν
810 4188 952 4266 inundare
975 4195 1080 4284 ἀρχῆς.
1123 4200 1216 4260 Vides
1237 4200 1308 4277 quid
1329 4201 1372 4258 rei
1390 4199 1442 4270 sit,
1464 4217 1518 4258 nec
1540 4195 1635 4258 Grae·

306 4318 358 4359 cos
380 4300 467 4359 tertio
489 4299 610 4359 saeculo
631 4317 736 4378 graece
758 4301 842 4378 loqui
863 4301 998 4361 desiisse.

305 4587 393 4648 Vlll.
437 4589 473 4647 In
495 4588 663 4650 diversorio
685 4590 765 4666 quod
788 4599 895 4650 vocant
915 4592 1098 4668 paradisum.

629 4771 743 4865 ενοι
767 4777 846 4859 [νιν.
870 4775 1019 4859 tuum
1041 4777 1181 4867 χροιὴ]
1203 4745 1300 4868 κοινᾷ

304 4971 419 5032 Rarum
440 4982 487 5032 est
507 4974 560 5032 sed
581 4991 643 5033 non
662 4973 828 5033 inauditum
849 4964 989 5058 θυγαιήρ
1012 4976 1225 5053 appellativum
1246 4976 1350 5035 matris
1370 4975 1502 5053 patrisve
1523 4993 1633 5034 nomen

304 5069 519 5151 praemissum,
546 5076 582 5136 cf.
605 5079 649 5136 tit.
672 5076 900 5156 Philadelphiac
927 5077 1006 5157 apud
1027 5077 1126 5137 Lebas
1151 5086 1227 5154 part.
1243 5078 1291 5136 Ill
1314 5099 1343 5137 n.
1360 5078 1434 5138 657:
1462 5069 1633 5162 liparam

305 5173 438 5250 ὑπατικοὶ,
457 5172 595 5263 θυγντῆρ
617 5181 736 5250 Δημοῦς.
