3450 5820
537 499 937 579 rsxnonm‘mrnnmx.
1118 537 1123 548 ·
1324 510 1396 581 355

68 708 204 774 fiteatur,
226 703 357 777 reliquos
380 718 491 774 omnes,
514 720 573 777 qua
595 712 640 760 est
662 702 770 778 insigni
793 701 937 773 socordia,
971 718 1027 759 suo
1054 702 1126 762 Ι1000
1152 701 1262 762 relatos
1291 704 1396 763 nihilo·

67 811 167 873 minus
190 825 249 864 non
275 804 478 882 deprehendit.
1313 867 1316 874 ,

110 911 159 970 Ex
181 913 321 986 quattuor
343 915 373 965 et
393 907 497 984 viginti
526 907 638 978 titulis,
666 924 743 982 quos
773 927 840 965 vere
862 907 1073 983 Desjardinius
1101 907 1175 965 meis
1204 906 1333 982 addidit,
1361 930 1397 968 ne

67 1032 145 1074 uuus
168 1011 285 1090 quidem
308 1019 368 1082 est,
391 1029 479 1086 quem
503 1020 553 1067 aut
575 1017 690 1068 constet
717 1020 768 1069 aut
790 1011 943 1088 probabile
966 1015 1005 1068 sit
1030 1010 1124 1068 fuisse
1146 1010 1177 1067 in
1198 1028 1316 1084 museo,
1338 1031 1397 1088 quo

64 1128 200 1194 tempore
222 1132 277 1190 ego
299 1113 330 1170 id
353 1114 461 1172 iterata
483 1113 547 1170 viee
570 1113 758 1188 perlustrari.
805 1111 894 1186 Quod
922 1125 1019 1170 autem
1048 1113 1090 1170 ait
1111 1113 1199 1170 homo
1223 1132 1288 1172 mea
1309 1114 1397 1191 culpa

65 1223 173 1280 abesse
196 1237 214 1274 a
236 1215 370 1291 Corpore
403 1215 506 1274 titulos
539 1221 569 1274 in
592 1234 726 1274 museum
760 1215 871 1274 inlatos
894 1221 970 1273 iuter
992 1214 1020 1272 id
1048 1224 1163 1292 tempus
1186 1226 1215 1273 et
1237 1216 1396 1277 voluminis

64 1323 236 1390 editionem,
269 1339 305 1377 eo
338 1319 436 1394 arguit
458 1335 490 1375 se
522 1319 553 1376 in
576 1319 787 1377 hiscestudiis
810 1319 903 1376 multo
927 1318 1022 1394 magis
1045 1330 1192 1378 recentem
1216 1337 1395 1395 essequam

65 1444 133 1483 sum
156 1424 228 1499 ipse.
272 1420 370 1479 Velim
393 1425 544 1478 examinet
566 1421 704 1480 volumen
727 1434 919 1496 numeretque
942 1439 1045 1478 musea
1067 1422 1097 1478 in
1120 1441 1156 1479 eo
1179 1423 1395 1499 comprehensa

66 1529 230 1602 doceatque
252 1523 369 1594 deiude,
392 1529 443 1598 qui
459 1523 535 1580 011101
551 1523 657 1600 possit,
682 1533 713 1581 ut
727 1535 832 1599 postea
848 1532 967 1598 reperta
982 1524 1184 1600 undecumque
1200 1524 1238 1581 ad
1253 1524 1395 1582 editorem

65 1631 169 1690 eodem
187 1639 320 1705 tempore
336 1645 429 1702 eoque
443 1627 521 1684 iusto
537 1625 708 1684 afferantur.
754 1625 819 1702 Ege
835 1637 907 1702 0010
922 1645 968 1683 me
984 1625 1093 1684 iecisse
1109 1627 1189 1702 quod
1205 1626 1268 1684 fieri
1283 1628 1394 1703 potuit;

63 1735 113 1793 bis
129 1751 261 1792 museum
277 1732 453 1790 Pestinense
469 1734 563 1786 totum
581 1729 702 1786 excussi
719 1728 819 1803 itaque
835 1746 870 1784 eo
886 1729 1017 1803 perveni,
1041 1737 1072 1786 ut
1094 1729 1197 1786 titulos
1220 1730 1348 1807 scriptos
1364 1731 1394 1788 10

64 1855 103 1894 00
118 1835 291 1894 adservatos
307 1835 344 1891 ad
361 1852 451 1890 unum
468 1850 572 1889 omnes
588 1830 729 1889 exhibere
745 1832 893 1906 potuerim
909 1850 927 1888 a
942 1850 988 1889 me
1004 1831 1181 1907 descriptos.
1206 1831 1323 1890 Deinde
1337 1833 1393 1890 sub

63 1940 154 1997 finem
177 1939 275 2015 operis
292 1937 452 1994 Romerum
468 1933 616 1992 hominem
638 1933 908 1992 laboriosissimum
927 1940 957 1991 01
976 1933 1187 1992 amicissimum
1203 1953 1256 2010 per
1277 1931 1393 1993 litteras

63 2041 179 2118 rogari,
202 2049 234 2098 ut
256 2041 442 2098 submitteret
465 2055 542 2114 quae
565 2044 669 2111 parata
690 2037 822 2107 haberet,
845 2054 981 2112 quaeque
1003 2037 1094 2108 misit,
1122 2057 1157 2095 ea
1179 2039 1209 2094 in
1231 2035 1393 2114 appendice

62 2144 163 2220 posui.
212 2141 271 2202 Sed
304 2143 381 2198 hanc
413 2159 496 2198 meae
530 2139 659 2195 incuriae
693 2138 975 2197 demonstrationem
1011 2138 1099 2214 plane
1130 2139 1393 2213 Desjardinianam

61 2265 172 2304 numen
201 2246 274 2302 artis
298 2251 425 2314 nostrae,
460 2242 524 2298 sive
547 2240 684 2298 Tutelam
718 2241 870 2299 titulorum
904 2260 967 2298 eam
991 2241 1122 2299 dicemus
1156 2241 1218 2300 sive
1240 2240 1392 2314 Nemesin,

61 2348 165 2408 statim
189 2347 358 2405 vindicavit.
403 2343 523 2403 Scilicet
555 2345 649 2401 edidit
681 2362 759 2401 0000
789 2343 865 2401 1873
891 2345 936 2401 vir·
968 2341 1253 2402 doctusParisinus
1287 2344 1391 2404 titulos

60 2469 123 2511 non
146 2451 195 2527 qui
225 2458 285 2508 tum
309 2455 410 2506 essent
431 2448 461 2504 10
484 2463 587 2505 museo
609 2446 788 2515 Pestineusi,
822 2446 876 2504 sed
898 2447 947 2522 qui
981 2447 1022 2504 ibi
1055 2453 1156 2505 essent
1178 2465 1235 2523 quo
1257 2456 1392 2524 tempore

60 2555 128 2631 ipse
151 2553 265 2611 Pestini
288 2551 352 2621 luit,
379 2550 523 2626 plurimos
547 2559 642 2606 autem
667 2556 696 2606 et
718 2550 854 2624 egregios
876 2548 977 2606 titulos
1000 2548 1173 2626 appendicis
1195 2548 1391 2608 Romerienae

61 2657 129 2732 (qui
151 2664 225 2730 quot
247 2653 315 2724 sint,
337 2653 395 2727 ipsi
418 2651 617 2709 numerandos
640 2651 800 2726 relinquo),
824 2660 857 2709 ut
879 2651 974 2728 ipsius
991 2652 1137 2710 vocabulo
1159 2660 1235 2722 utar,
1257 2649 1390 2724 ‘omisit’‚

58 2761 240 2837 poteritque,
274 2756 300 2813 si
320 2755 429 2829 placet,
463 2754 587 2811 alterum
614 2754 682 2811 inde
708 2773 767 2810 uon
788 2755 885 2812 minus
908 2754 1028 2812 uberem
1049 2753 1224 2812 fasciculum
1247 2756 1392 2815 conficere

57 2861 238 2934 inscriptum
261 2858 435 2916 Desiderato
458 2858 506 2914 des
528 2857 709 2914 Desiderotu.

105 2961 298 3021 Instrumenti
321 2959 475 3016 domestici
506 2958 607 3016 titulos
630 2959 697 3029 XL,
731 2977 807 3034 quos
843 2967 874 3015 ut
897 2957 1022 3036 Corpori
1056 2960 1178 3017 adderet
1198 2959 1392 3034 Desjardiuio

60 3065 145 3124 felici
168 3062 280 3120 homini
302 3061 436 3136 contigit,
460 3080 520 3117 nou
542 3077 704 3136 persequar
726 3061 872 3118 similiter.
917 3059 995 3121 Sunt
1028 3063 1058 3119 in
1090 3062 1136 3120 bis
1159 3062 1210 3118 alii
1232 3081 1327 3138 nuper
1348 3084 1391 3121 re·

58 3167 149 3246 perti,
177 3165 226 3223 alii
250 3165 330 3240 iique
352 3163 441 3241 louge
465 3163 564 3239 plures
588 3164 617 3220 in
639 3159 843 3222 ‘Desiderato'
866 3165 938 3221 baec
960 3164 1046 3222 relati
1074 3184 1182 3223 errore.
1227 3165 1270 3224 Ut
1291 3167 1391 3242 tegula

58 3268 262 3328 02730100
295 3277 341 3324 est
369 3263 458 3336 1629,
489 3265 525 3322 15
548 3285 566 3322 a
587 3265 780 3340 Desjardinio
813 3265 890 3323 male
923 3275 1062 3342 corrupta
1096 3286 1191 3343 neque
1214 3268 1329 3344 agnita3
1358 3279 1391 3325 ut

59 3367 303 3449 0001000241
341 3379 387 3426 est
420 3367 449 3425 in
473 3366 605 3444 Corpore
627 3389 655 3426 0.
673 3367 759 3438 ἳἹΊξ
783 3369 862 3442 quod
885 3387 943 3426 nou
977 3370 1069 3427 miror
1102 3389 1168 3427 eum
1195 3371 1389 3446 ignoravisse,

60 3473 116 3534 sed
139 3474 194 3530 hec
217 3471 264 3529 vel
286 3473 315 3528 in
338 3471 393 3528 hoc
414 3471 533 3528 homine
549 3471 641 3528 miror
663 3471 805 3528 eiusmodi
823 3479 987 3528 monstrum
1011 3490 1065 3546 pro
1088 3474 1217 3550 genuino
1234 3473 1389 3530 venditari.

58 3575 134 3635 Non
161 3575 256 3652 magis
284 3573 431 3631 intellexit
456 3573 591 3649 imperite
614 3573 768 3629 confictum
792 3591 857 3630 csse
881 3575 1067 3649 signaculum
1090 3594 1117 3632 0.
1135 3572 1193 3631 247
1219 3590 1388 3634 xtavutaes

58 3677 200 3753 Denique
222 3695 281 3734 non
304 3675 430 3734 attendit
452 3676 490 3732 ad
522 3675 550 3731 id
574 3677 653 3750 quod
685 3677 785 3733 monui
818 3697 847 3752 p.
865 3677 923 3734 743
947 3679 977 3733 10
999 3677 1197 3735 instrumento
1227 3677 1389 3736 domestico

59 3780 219 3857 complura
245 3797 321 3855 quae
349 3777 474 3854 originis
501 3777 625 3835 Italicae
652 3778 700 3835 vel
733 3787 811 3836 certe
845 3798 949 3855 perum
983 3787 1078 3838 certae
1111 3797 1177 3838 esse
1210 3779 1388 3852 viderentur,

59 3883 222 3941 tradidisse
244 3901 290 3939 me
313 3880 435 3956 collegis
459 3881 519 3937 alio
541 3880 606 3937 loco
629 3879 756 3950 edenda;
780 3883 885 3956 utqui
908 3881 979 3940 talia
1000 3887 1030 3940 in
1046 3881 1233 3941 Desideratis
1253 3882 1388 3956 collocat,

60 4003 130 4044 mea
151 4003 211 4042 non
226 3983 364 4059 corrigat,
388 3983 439 4040 sed
456 3991 636 4056 corrumpat.
681 3981 810 4042 Omnino
833 3985 949 4060 tegulas
965 3995 994 4041 et
1015 3985 1244 4044 instrumentum
1272 3987 1387 4044 univer-

60 4107 130 4146 sum
158 4085 364 4160 Desjardinius
398 4093 457 4142 tam
480 4085 644 4143 incredibili
673 4086 861 4164 neglegentia
891 4089 1038 4156 tractavit,
1074 4071 1116 4145 ut¹
1136 4089 1167 4145 in
1199 4089 1245 4146 his
1267 4089 1332 4166 ipse
1355 4106 1387 4148 se

61 4189 220 4264 superarit.
264 4185 345 4261 Quid
367 4189 445 4263 quod
473 4189 648 4245 necessitate
675 4198 795 4248 coactus
824 4191 886 4265 ipse
913 4189 1061 4248 Romerus
1088 4198 1181 4247 totum
1208 4191 1287 4248 hunc
1312 4200 1387 4249 trac-

60 4300 156 4349 tatum
180 4290 287 4348 abiecit
309 4291 441 4365 haecque
468 4295 568 4348 omnia
590 4309 644 4348 suo
665 4292 759 4348 Marte
786 4312 851 4350 cum
872 4291 930 4349 fide
952 4302 981 4350 et
1003 4292 1149 4350 industria
1171 4293 1266 4351 denuo
1288 4312 1389 4352 recen·

60 4393 132 4453 suit.
175 4393 241 4469 lige
265 4393 293 4449 in
317 4393 364 4449 his
387 4393 596 4450 additamentis
620 4394 701 4452 solas
725 4395 840 4472 tegulas
863 4404 1037 4471 persecutus
1063 4395 1126 4453 suis
1148 4395 1222 4454 locis
1249 4397 1388 4471 exposui,

60 4495 275 4570 Desjardinius
297 4496 445 4570 quomodo
469 4513 519 4552 eas
543 4513 646 4554 omnes
669 4496 729 4552 lere
752 4497 827 4554 male
850 4496 955 4572 legerit
976 4505 1006 4554 et
1026 4516 1165 4573 perverse
1186 4498 1361 4557 confuderit.

106 4596 154 4655 Ad
181 4598 342 4656 secundum
371 4597 503 4654 ordinem
531 4609 561 4656 et
587 4599 674 4673 siqua
699 4617 737 4654 ex
766 4599 852 4656 tertio
874 4599 934 4655 hue
956 4600 1104 4675 pertinent
1124 4600 1277 4658 titulorum
1300 4619 1319 4658 a
1340 4620 1387 4660 me

59 4699 140 4758 male
164 4699 308 4757 editorum
332 4700 412 4775 quod
435 4700 549 4770 attinet,
573 4719 631 4757 non
654 4700 739 4776 pauci
762 4700 801 4758 ibi
824 4701 999 4772 referuntur,
1025 4703 1196 4776 quaemihi
1219 4711 1386 4762 00100000

60 4803 157 4872 visos,
181 4803 233 4859 sed
256 4802 350 4860 editos
373 4801 411 4874 ad
434 4801 572 4876 exempla
594 4803 690 4859 alicua
713 4801 780 4878 plus
803 4803 900 4860 minus
923 4804 1096 4879 imperfecta
1119 4804 1327 4878 Desjardinius
1348 4827 1386 4866 ex

59 4904 233 4980 archetypis
257 4903 406 4979 pleniores
429 4912 458 4962 01
480 4904 694 4962 emendatiores
716 4910 881 4980 proposuit.
923 4905 998 4963 Item
1029 4905 1059 4962 10
1082 4906 1176 4964 1110110
1198 4908 1384 4981 quibusdam,

60 5015 92 5064 ut
108 5024 167 5064 000
183 5006 280 5082 001011
294 5024 354 5062 000
369 5006 441 5076 fieri,
455 5024 536 5065 meos
553 5024 668 5064 errores
684 5017 761 5064 recte
777 5007 907 5065 evitavit.
931 5008 973 5064 At
987 5027 1047 5065 non
1063 5007 1158 5065 solum
1174 5009 1202 5066 in
1217 5009 1303 5085 louge
1318 5010 1385 5086 plu·

59 5107 146 5166 rimis
161 5109 318 5166 lectionem
341 5110 492 5168 erroribus
514 5109 697 5184 gravissimis
719 5109 886 5184 inquinavit
907 5119 936 5168 et
957 5119 1035 5168 recte
1057 5111 1153 5168 editos
1176 5128 1265 5188 saepe
1287 5110 1383 5170 denuo

59 5209 187 5282 vitiavit,
199 5210 251 5269 sed
263 5210 351 5268 etiam
364 5211 444 5268 mala
458 5210 560 5270 fraude
576 5211 676 5268 titulos
692 5211 891 5288 interpolavit.
914 5212 950 5269 ld
963 5212 1059 5271 adhuc
1074 5213 1247 5289 ignorabam
1258 5233 1384 5290 eumque
