3540 5828
144 511 264 560 ror-eos
525 503 596 558 von
614 505 639 556 1.
672 503 1073 567 sumommssmnnvu.
1389 488 1462 559 205

146 693 203 755 est,
227 699 304 742 unns
327 689 579 740 remunetcensor
599 679 635 738 L.
651 679 791 739 Metellus
815 697 842 739 u.
866 677 925 738 639
947 679 995 738 cui
1016 681 1089 739 haec
1109 680 1218 740 locutio
1239 681 1418 741 crnibuntnr
1429 681 1468 760 ¹).

141 786 268 847 Videtur
287 784 408 860 quidem
430 783 498 842 huic
519 783 638 841 obstsre
659 801 839 859 praenomen
854 777 1010 859 paternum
1017 803 1027 856 ς
1049 801 1117 842 num
1138 786 1169 839 in
1192 782 1301 842 tubulis
1323 784 1467 843 censoriis
1527 763 1532 770 ’

141 909 221 967 quse
234 889 323 948 hodie
339 897 524 962 usurpantur
540 887 584 944 sic
604 884 635 943 id
650 885 808 962 collegium
822 885 1017 962 perscriptum
1029 884 1150 962 legitur:
1177 903 1250 944 curs.
1272 883 1311 944 L.
1327 886 1469 947 Uenutius

140 993 180 1051 L.
183 995 211 1068 s.
222 991 292 1062 Qu.
305 989 439 1049 Metellus
454 973 642 1060 Delmaticum,
660 987 709 1047 Cn.
725 987 963 1063 Demittendus.
981 988 1067 1050 Onu.
1079 987 1284 1048 Ahenobarbus
1299 988 1468 1065 tunm

139 1099 182 1154 At
192 1096 274 1172 ipsos
293 1100 430 1152 auctores
446 1092 497 1150 ubi
510 1071 737 1170 perlustramus,
759 1090 868 1168 prioris
885 1091 1017 1151 censoris
1037 1111 1092 1150 nec
1105 1098 1191 1168 puter
1210 1109 1306 1168 neque
1321 1109 1468 1168 agnomen

140 1215 267 1273 usquam
281 1183 508 1270 ηιιιιιιιιιίιιῑιιιῗ).
552 1193 687 1252 Fuerunt
708 1201 805 1252 sutem
834 1212 869 1252 eo
890 1204 1024 1270 tempore
1052 1195 1111 1252 duo
1136 1193 1172 1253 L.
1196 1191 1321 1253 Caecilii
1342 1193 1468 1268 Metelli,

139 1301 216 1362 alter
237 1297 272 1356 L.
298 1299 319 1356 s.
343 1297 380 1372 Q.
404 1316 432 1354 n.
455 1295 643 1356 Delmatious
666 1313 725 1355 cos.
750 1296 825 1366 635,
852 1296 929 1355 ulter
955 1294 992 1370 Q.
1014 1296 1036 1355 f.
1064 1295 1101 1371 Q.
1125 1316 1154 1355 n.
1182 1295 1379 1356 Diadematus
1403 1314 1466 1356 cos.

142 1401 217 1472 637;
245 1419 300 1460 nec
328 1401 487 1477 quicquum
509 1399 616 1472 obstat,
639 1398 797 1475 quominus
820 1399 898 1459 hunc
918 1399 1021 1476 potius
1051 1416 1140 1476 quem
1161 1399 1246 1458 illum
1261 1398 1467 1459 existimemus

140 1524 167 1562 e.
185 1503 243 1563 639
260 1521 413 1561 censorem
427 1501 538 1560 suctum
560 1519 638 1561 esse.
682 1500 750 1576 Quo
779 1501 911 1560 admisso
931 1508 1012 1560 recte
1034 1501 1134 1560 omnis
1156 1501 1313 1578 quadrent.

224 1603 465 1682 Orthogrsphics
488 1605 559 1663 huic
587 1604 677 1664 setsti
707 1609 776 1679 epla
801 1611 885 1675 sunt3
917 1621 984 1663 num
1018 1603 1179 1682 geminatio
1206 1604 1363 1677 vocalium,
1390 1622 1467 1679 quus

141 1708 288 1785 reperitur
315 1727 342 1766 v.
368 1708 385 1767 8
413 1707 443 1767 in
465 1707 672 1783 munnien[du],
699 1707 770 1764 item
795 1705 923 1764 fortusse
945 1725 973 1762 v.
997 1704 1015 1764 6
1037 1706 1069 1764 in
1090 1707 1265 1782 cognomine
1286 1706 1466 1784 quaestoris,

140 1812 168 1870 ei
201 1810 249 1870 vel
276 1811 407 1870 maxime
427 1810 549 1888 propris
574 1818 631 1882 cst,
663 1827 758 1885 neque
780 1807 818 1867 ab
840 1827 877 1867 eu
897 1807 1037 1867 obhorret
1057 1809 1201 1887 sspirntio
1227 1809 1258 1866 in
1280 1806 1466 1869 Graecanico

140 1913 317 1993 cognomine
336 1913 490 1990 Pamphilo
511 1931 538 1970 v.
564 1912 592 1972 5.
614 1910 775 1970 Praetereo
794 1910 958 1970 notandum
981 1930 1009 1971 v.
1033 1911 1050 1969 7
1074 1914 1183 1988 aspro
1206 1931 1233 1970 u.

138 2487 209 2548 298
231 2486 376 2546 Luceriae
398 2506 493 2564 nuper
507 2495 625 2562 repertu
646 2486 676 2545 in
695 2485 746 2544 viu
760 2504 819 2562 qun
833 2483 956 2560 Trojnm
976 2484 1036 2543 itur
1050 2483 1216 2545 u’Auums.
1238 2483 1339 2544 Huius
1354 2486 1463 2564 lepidis

139 2590 260 2650 videndi
281 2608 372 2648 osusu
394 2609 421 2648 a.
448 2588 525 2647 1873
547 2589 706 2658 Luceriam
728 2587 879 2665 profectus
902 2587 962 2646 vidi
985 2605 1062 2661 enm,
1086 2588 1139 2647 sed
1161 2588 1326 2649 coniectum
1346 2591 1385 2649 in'
1398 2582 1466 2651 fut-

137 2696 276 2754 dumentc
298 2693 405 2751 domus
429 2710 504 2768 quue
535 2692 678 2768 angulum
705 2691 777 2750 fucit
807 2691 885 2750 inter
916 2691 996 2750 ιίιιιιι
1022 2691 1124 2750 Bruuo
1155 2698 1185 2750 et
1212 2691 1311 2751 vicum
1340 2692 1465 2769 Perpolu

136 2798 250 2874 scriptu
271 2802 356 2872 perte
377 2795 488 2854 latente
515 2801 546 2853 et
571 2795 697 2870 sepulte.
740 2794 847 2870 Itaque
873 2792 997 2852 ducibus
1026 2793 1242 2869 comitibusque
1273 2795 1349 2854 meis
1370 2795 1465 2856 Luce·

134 2900 209 2959 rinis
231 2917 298 2958 cum
324 2897 355 2957 in
381 2917 414 2956 re
440 2897 590 2972 praesenti
619 2883 848 2972 exprobrantem
878 2896 959 2972 quod
984 2895 1215 2972 pulcherrimum
1241 2909 1464 2958 monumentum

134 3002 249 3061 infelici
274 3019 346 3060 cusu
371 3005 476 3059 nostre
496 3006 592 3058 uetnte
614 2997 652 3056 sb
673 2997 823 3057 oblivione
849 3016 1010 3077 resurgens
1031 3006 1091 3057 tum
1113 2999 1238 3059 barbare
1263 2999 1358 3076 proici
1383 3002 1466 3078 pessi

132 3113 245 3178 essent,
273 3103 453 3162 erubuerunt
479 3109 509 3160 et
535 3109 699 3160 tacuerunt.
744 3099 823 3161 Sauo
848 3119 910 3159 non
936 3101 1035 3161 verbis
1060 3101 1244 3179 paenitentis
1276 3101 1313 3159 iis
1346 3103 1464 3179 agenda

133 3215 190 3281 est,
218 3207 273 3265 sed
298 3225 330 3264 re
357 3212 386 3264 et
414 3203 513 3276 fuctis3
547 3203 627 3280 quod
661 3203 688 3262 si
719 3221 779 3262 non
806 3203 933 3276 fuciunt,
969 3221 1025 3262 nos
1056 3203 1105 3262 ubi
1135 3203 1230 3262 ndhuc
1256 3202 1463 3264 Vsndslorum

134 3328 245 3370 nomen
268 3307 401 3367 adhiberi
423 3315 591 3379 consueret,
613 3307 656 3366 ibi
677 3283 842 3365 Lucerinos
865 3305 1004 3384 deinceps
1027 3305 1256 3378 nominabimus,
1269 3307 1388 3384 quippe
1410 3307 1464 3384 qui

130 3414 279 3472 Italorum
293 3429 410 3481 nomen,
433 3427 493 3485 qno
508 3409 615 3468 merito
630 3409 805 3485 glorientur,
828 3409 907 3486 turpi
922 3407 1131 3485 antiquitatum
1146 3408 1310 3484 patriorum
1325 3409 1464 3469 socordis

131 3515 340 3575 dehonestent.

491 3697 521 3737 ιιι
533 3708 541 3722 ·
555 3694 655 3738 uoce·
669 3693 826 3740 novenum
840 3709 846 3723 ·
860 3693 990 3738 srrucvs

495 3798 535 3840 un
548 3784 558 3842 l
566 3783 575 3842 1
586 3798 612 3840 rs
623 3812 629 3826 ·
642 3797 800 3840 svuusrrn
815 3813 821 3826 ·
834 3797 929 3840 nnus·
942 3796 1083 3840 cunnvsn

526 3899 705 3944 rnorncrrsn
719 3914 725 3928 ·
738 3899 1037 3944 unvr·rsnsnrsr1n

490 4001 533 4046 ser
547 4018 553 4032 ·
570 4001 644 4058 ovis
656 4017 663 4030 ·
677 4001 828 4046 snvonsv
839 4016 847 4031 ·
859 4002 920 4046 rute
931 4017 938 4032 ·
950 4002 1039 4045 rsxrr
1053 3988 1160 4047 tltrvn

439 4111 450 4150 ι
532 4107 604 4162 ouis
616 4120 623 4133 ·
633 4104 733 4147 vornr
744 4121 750 4134 ·
763 4105 824 4149 uno
838 4118 844 4133 ·
857 4104 1066 4149 rovorcsron·
1082 4105 1118 4147 ru

531 4207 649 4251 usuum
661 4223 668 4236 ·
680 4206 803 4252 misero
815 4222 822 4236 ·
834 4206 934 4250 esron
945 4223 952 4238 ·
963 4207 1044 4251 servs

531 4311 596 4354 unc
606 4297 633 4356 tt
648 4309 820 4353 susurrus·
833 4310 935 4354 votur
949 4325 955 4340 ·
968 4308 1113 4354 recursus

758 4397 908 4457 tttcrron

129 4567 339 4579 ...--——-

211 4732 234 4795 Ι)
256 4735 353 4785 Verum
380 4742 418 4786 est
445 4735 513 4800 spud
541 4735 672 4787 Valerium
691 4733 836 4785 Maximum
856 4735 881 4796 8,
902 4733 927 4796 5,
950 4736 963 4783 l
993 4733 1071 4784 etium
1096 4733 1170 4784 ultori
1197 4733 1227 4784 L.
1256 4733 1362 4784 Metello
1387 4730 1419 4794 Q.
1439 4732 1459 4784 f.

131 4826 234 4879 consuli
254 4841 278 4876 e.
299 4827 350 4878 612
371 4843 504 4879 censuram
524 4828 643 4878 adscribi.
680 4827 733 4880 Sed
753 4841 886 4877 censorum
910 4826 1047 4876 laterculus
1073 4841 1119 4891 per
1141 4825 1189 4876 hos
1208 4841 1288 4876 unnos
1313 4825 1403 4891 plenus
1421 4831 1461 4876 est

129 4919 278 4984 erravitque
298 4921 352 4970 sine
371 4921 449 4970 dubio
469 4921 511 4969 hic
531 4935 632 4986 quoque
650 4925 678 4970 ut
697 4920 793 4983 passim
812 4919 840 4970 in
859 4919 952 4969 talibus
971 4919 1099 4969 Valerius.

210 5009 236 5072 ²)
258 5009 290 5061 L.
313 5009 437 5063 Caecatus
457 5012 486 5073 (l.
506 5011 623 5062 domitius
642 5012 735 5073 codex)
754 5007 885 5062 Metellus.-
913 5012 969 5062 Liv.
993 5027 1033 5077 ep.
1054 5010 1097 5061 62.
1120 5006 1154 5058 L.
1176 5005 1316 5061 Caecilius:
1342 5009 1386 5059 lex
1405 5023 1459 5074 ugr.

130 5121 156 5154 ι.
178 5105 278 5155 esso.
298 5107 340 5155 88.
359 5102 392 5154 L.
411 5101 542 5155 Metellus:
562 5105 653 5156 Cicero
672 5105 748 5156 Verr.
766 5105 784 5155 l.
806 5107 830 5166 1,
842 5104 885 5166 55,
908 5105 973 5168 1433
993 5117 1040 5169 pro
1055 5101 1208 5165 Cluentii,
1230 5103 1290 5154 119.
1310 5101 1459 5154 Cassiodor.

78 5219 83 5231 ·
131 5197 168 5248 sd
187 5196 213 5246 h.
234 5211 258 5247 e.
277 5198 396 5249 Valerius
414 5197 547 5249 Maximus
568 5199 593 5260 2,
614 5199 639 5260 9,
660 5198 690 5262 9.Ὶ
