3510 5820
332 500 379 568 74
923 514 1072 572 neuneu

329 692 536 752 Vnuvunruvs
575 695 609 753 P.
638 695 815 770 Urqulcniue
837 697 1020 755 Democrates
1042 697 1156 756 Romae
1178 695 1267 756 Grut.
1284 697 1354 770 332,
1371 698 1400 756 8.

573 797 610 854 P.
639 798 816 874 Urquluniuc
834 806 872 863 0.
896 799 915 856 l.
939 799 1041 857 Helico
1061 799 1177 858 Romae
1199 799 1372 873 Grau-971,
1391 803 1417 860 1.

573 902 608 958 Ρ.
635 901 813 976 Uryuluuiue
835 902 943 959 Tanau
965 910 996 959 et

573 1002 608 1060 P.
635 1002 815 1078 Urquluuiue
836 1003 1016 1079 Hyacinthia
1038 1003 1152 1063 Romae
1175 1003 1254 1064 Gud.
1272 1006 1342 1078 336,
1357 1007 1385 1064 5.

573 1106 607 1162 P.
636 1104 814 1180 Urqulauiue
836 1106 934 1164 Helue
955 1107 1071 1165 Romae
1092 1110 1115 1166 Ι.
1132 1108 1171 1166 N.
1188 1109 1279 1167 7141.

578 1209 751 1266 Urculuniue
773 1206 923 1267 Secundus
945 1209 1066 1269 Verulis
1087 1210 1211 1270 Henzen
1228 1212 1318 1269 7101.

578 1311 736 1369 llrculuuiu
758 1311 850 1386 Tycle
870 1310 984 1370 Romae
1007 1311 1183 1385 Gruc971,
1202 1315 1227 1370 1.

578 1415 738 1490 Urquluuia
760 1413 875 1472 Reum
899 1411 988 1474 Grut.
1007 1415 1096 1485 1002,
1113 1416 1141 1473 8.

573 1515 661 1589 Quod
687 1515 868 1575 Urculuuius
895 1517 943 1576 bin
969 1536 1024 1595 pro
1046 1516 1215 1596 Urgulanio
1242 1520 1410 1592 exhibetur,
1438 1521 1661 1596 descriptorum

574 1618 703 1677 sortasse
728 1620 818 1696 culpa
838 1619 959 1690 eccidit3
986 1639 1055 1679 nam
1082 1641 1098 1680 c
1119 1633 1148 1680 et
1167 1643 1187 1698 9
1213 1623 1360 1681 interdum
1383 1624 1435 1681 vix
1458 1634 1529 1682 sunt
1550 1623 1662 1681 distin·

573 1721 716 1800 guendae.

412 2397 453 2457 Ut
478 2396 566 2456 facile
593 2397 827 2474 perspiceretur,
854 2397 957 2472 qualia
978 2397 1233 2474 uniuscuiusque
1257 2399 1376 2477 generis
1398 2399 1519 2457 uomina
1541 2407 1661 2472 extant,

327 2507 520 2578 conspectum
547 2499 647 2559 addidi
674 2500 726 2576 qui
748 2500 899 2575 sequitur,
926 2499 1037 2558 additis
1058 2500 1192 2559 locorum
1214 2501 1398 2573 nominibus,
1425 2502 1573 2576 equibus
1598 2501 1662 2560 sin-

327 2602 397 2681 gula
417 2603 539 2662 nomine
559 2612 689 2679 possunt
710 2601 842 2660 derivata
863 2619 939 2660 esse.

811 3033 875 3110 IV.
929 3032 1171 3134 Conspectus.

399 3363 529 3429 gentilicia
547 3364 574 3412 in
725 3363 880 3426 cognomina
898 3361 925 3410 in
1071 3362 1202 3426 gentilicia
1220 3364 1246 3412 iu

708 3453 771 3484 anun
791 3433 828 3497 [et
846 3433 931 3498 cuiun]
1124 3437 1198 3486 ant-„³
1379 3415 1485 3450 nonuue
1503 3401 1625 3452 locorum

387 3618 554 3678 Abellnnun
1351 3616 1461 3676 Abella

388 3976 562 4032 Acerranus
1349 3973 1482 4032 Acerrae

1038 4150 1201 4244 Aeclunius
1347 4149 1513 4208 Aeclanum

355 4344 366 4382 ⁵
389 4323 552 4384 Aefulanus
1347 4323 1457 4383 Aefula

387 4503 553 4577 Aequanus
1039 4502 1212 4577 Aequanius
1348 4503 1489 4577 Aequum

653 4680 878 4754 Aequiculauus
1348 4676 1508 4753 Aequiculi

388 4855 526 4914 Afilanus
1347 4853 1428 4912 Afila

387 5031 549 5090 Alriceuue
651 5032 816 5091 Alricnuus
1038 5031 1210 5089 Alricuuius
1347 5029 1452 5088 Africa

340 5225 366 5266 ιο
386 5205 541 5268 'Albanus
653 5209 789 5268 Albanus
1037 5206 1186 5266 Albanius
1347 5205 1428 5264 Albe
