3510 5820
321 519 369 589 20
913 535 1052 586 numm.

321 720 442 769 scurata
469 718 549 781 erat;
578 708 660 786 quod
685 709 808 767 tradidit
829 727 936 768 nomen
958 709 1062 785 utique
1083 707 1192 766 falsum
1215 718 1269 767 est.
1313 707 1515 786 Theophanes
1536 707 1658 783 reliquit

320 812 413 872 filium
436 811 477 870 M.
500 811 676 888 Pompeium
703 819 781 870 teste
804 808 952 870 Strabone
975 811 1079 887 (xm,
1102 809 1177 886 618)
1203 810 1255 886 qui
1276 811 1303 868 ei
1326 810 1406 887 apud
1428 809 1583 869 Tiberium
1607 828 1654 867 ac-

320 915 495 990 ceptissimo
517 913 652 989 aequalis
675 913 740 971 suit.
774 913 875 972 Paene
897 922 1009 972 certum
1031 912 1159 986 videtur,
1182 914 1271 970 ctiam
1285 920 1400 989 patrem
1415 911 1548 971 Marcum
1564 911 1655 970 Pom-

318 1018 419 1092 peium
441 1015 625 1075 nominatum
641 1015 746 1088 fuisse,
763 1012 966 1092 Capitolinum
981 1023 1080 1074 autem
1095 1015 1254 1075 erravisse.
1287 1013 1414 1091 Pompei
1430 1014 1543 1072 amicus
1557 1014 1655 1072 nesci-

319 1137 387 1177 mus
409 1136 469 1195 quo
484 1137 563 1176 anno
578 1126 714 1176 mortuus
729 1118 778 1176 sit.
811 1117 887 1176 Post
901 1117 1048 1194 proelium
1062 1117 1274 1177 Pharsalicum
1290 1135 1356 1175 cum
1372 1115 1519 1192 Pompeio
1534 1116 1655 1194 Mytile-

320 1240 377 1279 nen
399 1220 549 1298 prolectus
572 1239 644 1279 mox
665 1219 717 1279 illo
739 1227 858 1279 mortuo
872 1219 1000 1278 Romam
1022 1237 1162 1280 reversus
1185 1220 1248 1278 otia
1268 1219 1375 1278 litteris
1394 1220 1511 1279 dicasse
1526 1219 1654 1277 ridetur.

320 1324 358 1381 A.
376 1323 416 1381 44
438 1323 616 1382 interrivos
638 1331 811 1382 numeratur
832 1342 852 1380 a
866 1320 1012 1382 Cicerone
1034 1322 1075 1402 adv
1087 1323 1150 1380 Att.
1166 1321 1226 1381 XV
1244 1320 1290 1380 19.
1328 1323 1460 1380 Marcum
1475 1321 1655 1400 Pompeium

319 1426 415 1484 filium
430 1426 561 1504 Augusti
577 1424 722 1485 beneficio
737 1425 831 1484 Asiae
846 1435 1070 1501 procuratorem
1085 1423 1190 1496 luisse,
1208 1423 1314 1482 deinde
1329 1423 1482 1482 Tiberium
1498 1425 1526 1483 ei
1542 1424 1656 1483 lavisse

320 1525 428 1588 Strabo
443 1538 546 1587 auctor
561 1536 616 1587 est.
649 1529 729 1586 lram
745 1545 816 1585 vero
832 1527 947 1586 Tiberii
964 1528 1080 1603 experti
1096 1536 1167 1585 sunt
1181 1526 1293 1603 posteri
1308 1525 1384 1597 eius,
1399 1544 1460 1602 quo
1475 1527 1511 1585 de
1526 1526 1654 1585 Tacitus

323 1629 388 1690 Ser.
405 1628 505 1690 Galba
518 1629 554 1688 L.
572 1628 658 1694 Sulla
677 1647 737 1688 cos.
758 1647 784 1687 a.
798 1629 837 1687 33
857 1629 949 1688 haece
968 1637 1071 1687 narrat
1093 1630 1145 1704 (A.
1162 1627 1207 1686 IV
1220 1626 1288 1704 26):
1310 1623 1411 1686 ‘etiarn
1431 1628 1461 1687 in
1477 1615 1654 1704 Pompeiam

254 1779 255 1782 .
320 1733 484 1791 Macrinam
510 1732 635 1791 exilium
658 1731 812 1803 statuitur,
838 1733 925 1791 cuins
947 1732 1085 1791 maritum
1107 1729 1281 1808 Argolicum
1305 1748 1443 1790 socerum
1464 1729 1615 1789 Laconem
1638 1750 1655 1788 e

319 1812 501 1912 primoribi'rs
524 1835 712 1893 Achaeorum
736 1833 849 1894 Caesar
876 1835 1049 1906 addixeram
1076 1843 1160 1910 pater
1181 1849 1300 1910 qnoque
1320 1833 1457 1892 inlustris
1480 1851 1570 1909 eques
1591 1833 1656 1891 Ro-

320 1956 427 1996 manus
450 1956 485 1996 ac
507 1937 599 1996 frater
621 1936 788 2014 praetorius
811 1955 877 1996 cum
900 1937 1050 1996 damnatio
1072 1937 1199 1994 instaret
1220 1936 1324 2011 seipsi
1339 1935 1527 1995 interfecere:
1550 1933 1654 1993 datum

320 2048 384 2097 erat
407 2039 541 2111 crimini,
570 2039 650 2116 quod
672 2039 877 2114 Theophanen
900 2039 1116 2115 Mytilenaeum
1144 2057 1287 2114 proavum
1316 2056 1418 2097 eorum
1445 2035 1501 2097 Cn.
1523 2038 1655 2114 Magnus

319 2142 397 2200 inter
417 2142 539 2200 intimos
559 2140 713 2200 habuisset
727 2140 865 2217 quodque
880 2141 1018 2200 defuncto
1034 2140 1213 2216 Theophani
1228 2139 1373 2198 caelestes
1388 2139 1519 2198 honores
1536 2137 1657 2199 Graeca

320 2244 452 2302 adulatio
476 2238 637 2304 tribuerat.’
674 2243 811 2302 Proavus
835 2242 948 2301 scilicet
964 2241 1166 2318 Theophanes
1188 2242 1244 2301 luit
1264 2241 1428 2318 Pompeiae
1450 2241 1603 2300 Macrinse
1624 2249 1656 2299 et

318 2346 421 2406 fratris
444 2347 597 2423 praetorii,
619 2355 652 2404 ut
672 2355 758 2423 pater
778 2343 916 2404 inlustris
932 2362 1023 2421 eques
1040 2345 1195 2403 Romanus
1210 2344 1305 2403 Marci
1319 2344 1446 2420 Pompei
1462 2344 1539 2402 filius
1554 2342 1655 2402 fuerit.

321 2447 439 2508 Fratris
467 2447 611 2526 praetorii
632 2448 764 2507 fortasse
785 2448 914 2524 aliquam
938 2448 1112 2506 memoriam
1134 2447 1272 2524 quamvis
1295 2448 1435 2526 exiguam
1459 2455 1594 2505 tenemus
1616 2466 1656 2506 ex

320 2551 424 2610 eodem
446 2550 554 2608 Tacito
580 2549 879 2625 Ann.172(a.15
905 2550 1009 2609 Druso
1038 2547 1169 2609 Caesare
1198 2547 1233 2608 0.
1260 2548 1406 2609 Norbano
1434 2547 1540 2624 coss.):
1570 2545 1655 2606 ‘mox

320 2653 462 2711 Tiberius
490 2652 678 2711 consultante
701 2651 845 2729 Pompeio
868 2652 970 2710 Macro
997 2661 1136 2728 praetore
1163 2671 1200 2710 an
1227 2651 1336 2709 iudicia
1359 2651 1527 2711 maiestatis
1549 2650 1655 2708 redde-

319 2749 640 2826 rentur,“exercendas
662 2755 742 2832 leges
765 2772 833 2813 esse
854 2748 1027 2831 respondit'
1072 2750 1212 2813 Sororem
1235 2753 1328 2812 exilio
1350 2753 1503 2812 multatam
1525 2754 1556 2811 in
1577 2751 1653 2811 Les·

320 2858 393 2917 bum
415 2858 544 2934 patriam
565 2858 695 2916 insulam
715 2857 840 2915 rediisse
864 2856 1025 2914 verisimile
1047 2864 1102 2914 est.

403 2959 452 3018 Ad
487 2961 564 3020 hanc
599 2960 743 3018 familiam
780 2959 916 3018 fortunae
953 2958 1070 3017 vicibus
1103 2959 1177 3016 satis
1210 2959 1352 3035 agitatam
1385 2965 1420 3016 ut
1450 2975 1503 3017 eos
1536 2959 1589 3034 qui
1621 2958 1653 3016 in

321 3062 413 3121 titulo
446 3062 502 3121 hoc
534 3069 739 3120 memorantur
769 3062 906 3120 homines
938 3061 1093 3133 referrem,
1125 3061 1184 3119 tria
1215 3080 1263 3118 me
1294 3061 1487 3120 induxerunt:
1524 3061 1655 3138 primum

217 3193 230 3210 κ
320 3163 531 3242 Pompeiorum
559 3183 668 3222 nomeu
695 3164 821 3241 gentile,
848 3162 954 3222 deinde
977 3163 1127 3222 Macrinus
1158 3180 1336 3240 cognomen,
1364 3162 1492 3240 denique
1518 3163 1600 3239 qnod
1622 3163 1655 3221 in

318 3266 419 3325 Lesbo
448 3266 551 3325 insola
576 3276 711 3344 repertus
740 3276 787 3324 est
814 3266 917 3324 titulus
947 3274 976 3324 et
1003 3265 1124 3341 quidem
1153 3265 1184 3322 in
1207 3266 1275 3342 ipsa
1295 3266 1544 3342 Mytilenaeorum
1569 3264 1653 3324 urbe.

319 3367 445 3427 Lemma
472 3370 551 3428 enim
578 3377 638 3427 est:
667 3369 782 3427 Ibidem
809 3369 838 3426 h.
859 3389 884 3427 e.
912 3368 942 3426 in
970 3368 1085 3426 balneis
1108 3365 1215 3438 Lesbi,
1242 3385 1319 3443 quae
1340 3367 1448 3426 balnea
1469 3379 1539 3427 sunt
1560 3386 1654 3444 prope

319 3472 485 3548 Mytilenen
508 3473 581 3544 sita,
602 3471 721 3530 Dianae
742 3471 904 3530 Thermiae
927 3471 1020 3529 saeris
1043 3469 1189 3546 festisque
1210 3470 1375 3543 celebrata,
1397 3470 1563 3546 dequibus
1586 3469 1654 3528 ride

321 3571 423 3633 Conze
444 3573 562 3634 Lesbos
589 3594 617 3651 p.
637 3574 684 3632 16.
729 3571 894 3633 Confirmat
922 3573 1050 3650 denique
1078 3573 1277 3632 coniecturam
1303 3574 1345 3631 M.
1371 3571 1496 3649 Pompei
1524 3571 1650 3631 Macrini

320 3685 459 3752 quartum
481 3696 589 3736 nomen
612 3685 785 3752 corruptum
807 3679 1023 3733 ΘΕΟΙΑΝΝΕΙ.
1056 3673 1127 3733 Nou
1150 3674 1268 3734 invenio
1290 3674 1363 3752 quid
1377 3673 1498 3734 facilius
1514 3675 1653 3750 aptiusve

320 3780 439 3838 restitui
460 3780 559 3856 possit
580 3798 668 3856 quam
691 3778 764 3838 illud
786 3777 866 3854 quod
888 3778 1031 3855 proposui
1053 3795 1161 3836 nomen
1178 3765 1328 3851 θεοφᾶνου
1352 3796 1371 3835 a
1390 3777 1486 3855 gentis
1500 3776 1654 3835 conditore

321 3882 462 3940 traditum
490 3891 708 3959 receptumque.
752 3880 911 3956 Duplicem
940 3886 962 3937 Ν
990 3880 1118 3939 litteram
1145 3899 1207 3938 non
1234 3879 1360 3939 obstabo
1387 3879 1413 3938 si
1441 3879 1509 3955 quis
1535 3878 1653 3938 librarii

320 3983 526 4062 neglegentiae
552 3983 721 4043 condonare
742 3982 829 4054 velit3
859 3984 912 4042 sed
939 3969 1039 4058 potest
1065 3982 1154 4041 etiam
1180 3983 1247 4060 lege
1271 3983 1325 4041 niti
1355 4001 1443 4059 quam
1465 3979 1653 4061 grammatici

321 4103 432 4162 eosque
454 4085 548 4144 secuti
570 4086 651 4145 illius
674 4086 818 4163 temporis
833 4085 999 4146 Aeolenses
1021 4101 1060 4142 ex
1081 4085 1160 4144 male
1180 4085 1332 4144 intellecto
1353 4085 1473 4163 linguae
1489 4103 1544 4144 usu
1559 4083 1654 4142 duxe-

319 4196 398 4259 runt,
420 4187 513 4246 veluti
535 4186 701 4266 Gregorius
725 4185 794 4247 (lor.
812 4186 885 4246 609:
909 4173 983 4244 miror
1005 4175 1102 4244 aduro
1124 4180 1161 4244 τὰ
1183 4177 1326 4265 σύμφωνα
1348 4177 1587 4258 διπλασιάζουσιν
1609 4175 1654 4243 tul

319 4289 375 4346 ‘miv
396 4279 552 4370 Βραχὲων·
576 4284 611 4348 uic
633 4283 663 4347 rd
686 4279 794 4357 ἔννεπε,
816 4279 891 4358 iuva,
912 4279 1012 4349 κε’ννος.
1029 4321 1070 4334 -
1097 4293 1129 4346 ΕΙ
1153 4289 1184 4347 in
1207 4293 1260 4346 ΟΥ
1283 4297 1445 4348 correctum
1467 4289 1544 4348 nihil
1564 4289 1655 4348 habet

320 4390 512 4464 offensionis,
540 4392 630 4451 modo
654 4392 787 4451 lunatam
814 4391 910 4451 foisse
937 4392 1055 4450 litterae
1084 4395 1104 4448 Ε
1131 4391 1257 4450 formam
1280 4392 1378 4470 fingas
1401 4390 1461 4468 (e).
1505 4393 1654 4451 Accurate

320 4493 398 4552 enim
426 4512 554 4570 usquam
580 4494 747 4554 litterarum
772 4495 884 4572 figuras
913 4493 944 4552 in
972 4493 1030 4552 hoc
1057 4494 1231 4570 apographo
1253 4494 1379 4553 traditas
1401 4512 1469 4553 esse
1489 4494 1577 4553 valde
1599 4493 1654 4552 do-

319 4596 396 4669 bito,
419 4595 446 4654 si
467 4597 586 4674 quidem
609 4607 642 4656 ut
662 4616 753 4656 unum
774 4597 926 4675 proferam
947 4595 1065 4654 litterae
1088 4600 1112 4653 ὦ
1131 4595 1164 4655 in
1185 4595 1323 4654 omnibus
1345 4596 1405 4656 illis
1427 4595 1500 4656 satis
1517 4596 1654 4655 diversae

320 4697 428 4756 aetatis
454 4699 551 4758 titulis
578 4701 676 4777 figura
701 4699 804 4759 eadem
831 4700 964 4777 pingitur
990 4698 1028 4757 ad
1055 4703 1088 4756 ω
1114 4699 1252 4776 proxime
1282 4699 1436 4758 accedens.
1483 4699 1532 4758 De
1557 4699 1655 4758 torma

320 4800 447 4877 denique
462 4803 593 4877 genetivi
608 4791 770 4879 Θεοφάνου,
791 4821 869 4879 quae
890 4801 1064 4862 traditorum
1086 4801 1223 4878 vestigiis
1238 4802 1469 4873 commendatur,
1492 4801 1529 4860 cl.
1545 4801 1654 4861 Weck-

318 4902 379 4962 lein
400 4900 498 4963 Curee
520 4905 615 4982 epigr.
637 4926 667 4983 p.
684 4904 733 4964 23.

392 5003 557 5096 'Habemus
585 5006 677 5084 igitur
702 5007 744 5066 M.
771 5007 949 5085 Pompeium
974 5007 1143 5066 Macrinum
1166 5007 1380 5086 Theophanem
1407 5013 1538 5084 patrem,
1563 5005 1654 5066 Pom·

319 5106 418 5184 peiam
440 5109 674 5188 Agrippinillam
697 5110 789 5170 filiam
812 5111 996 5189 eandemque
1018 5128 1144 5169 uxorem
1162 5110 1203 5170 M.
1220 5107 1312 5170 Gabii
1333 5109 1373 5185 (s.
1390 5107 1496 5186 Gavii)
1520 5150 1654 5168 .......
