3540 5828
340 552 411 622 106
769 565 1077 619 annrrsusunvu
1094 565 1178 618 von.
1197 565 1227 615 11

334 743 426 802 Liber
447 762 553 801 venum
582 761 642 800 non
670 741 772 814 datur,
800 741 853 799 sed
879 739 958 799 dono
985 741 1151 802 destinatus
1181 748 1226 797 est
1248 740 1286 798 ab
1308 739 1420 797 editore
1442 740 1495 812 iis,
1521 739 1575 817 qui
1597 739 1676 796 haec

335 845 435 903 studia
461 845 620 922 praecipue
647 844 758 902 fouent.
803 842 967 902 Dedicatus
996 850 1044 902 est
1064 842 1252 901 Mommseno
1280 851 1310 900 ct
1330 842 1419 914 rnihi3
1447 842 1581 901 continet
1602 850 1676 918 post

335 948 550 1024 praefationem
572 948 714 1006 directam
736 945 773 1003 ad
789 944 986 1004 Franciscum
1003 943 1315 1017 Caballero-lnlante,
1338 963 1415 1020 quae
1430 944 1580 1022 quomodo
1595 945 1676 1002 acci-

334 1050 411 1107 derit
433 1060 466 1107 ut
485 1049 603 1108 tabulas
625 1048 755 1108 edendas
778 1049 945 1125 susciperet
966 1048 1096 1124 scriptor
1118 1057 1238 1108 enarrat
1260 1048 1303 1124 (p.
1321 1047 1432 1123 1-5),
1453 1047 1582 1123 primum
1606 1056 1676 1104 tex-

334 1161 396 1209 tum
418 1151 586 1211 tabularum
608 1152 771 1212 secundum
789 1151 1020 1227 archetyporum
1035 1151 1161 1209 formam
1177 1150 1367 1227 dispositum,
1389 1149 1496 1206 deinde
1509 1133 1673 1208 lectionem

334 1253 456 1312 editoris
477 1253 520 1330 (p.
537 1252 654 1330 9-20)
677 1273 742 1312 cum
758 1254 897 1312 versione
913 1252 1081 1328 Hispanico
1103 1252 1146 1329 (p.
1163 1250 1310 1328 21-32).
1345 1251 1423 1310 Tum
1446 1252 1542 1330 pergit
1565 1252 1603 1310 ad
1622 1252 1676 1309 de-

335 1356 527 1431 scriptionem
549 1357 729 1427 tabularum,
751 1355 877 1414 formam
899 1374 1000 1414 earum
1022 1362 1176 1412 externam
1192 1361 1322 1429 enarrat,
1344 1354 1416 1412 item
1431 1363 1609 1430 argumenta
1625 1373 1677 1412 ca·

337 1459 440 1536 pitum,
463 1458 639 1536 compendia
661 1458 829 1533 scripturae
851 1467 880 1514 et
902 1457 1022 1529 similia,
1045 1456 1119 1515 vitia
1141 1458 1287 1533 quaedam
1309 1474 1387 1532 quae
1408 1466 1495 1534 putat
1514 1457 1604 1515 abeo
1621 1455 1677 1531 qui

335 1561 514 1637 conscripsit
533 1571 585 1618 aut
607 1561 657 1637 qui
680 1561 741 1618 aeri
763 1559 868 1619 incidit
889 1560 1051 1618 commissa
1072 1577 1150 1630 esse,
1172 1559 1316 1618 rationem
1340 1559 1499 1632 scribendi,
1520 1559 1622 1617 locum
1647 1567 1679 1616 et

334 1673 453 1740 tempus
474 1663 550 1739 legis
574 1663 617 1739 (p.
634 1662 782 1738 33-83).
817 1662 958 1737 Denique
980 1661 1121 1737 proponit
1135 1663 1366 1719 commentarios
1382 1662 1420 1719 ad
1436 1661 1557 1737 singula
1571 1663 1678 1737 capita

336 1765 379 1842 (p.
396 1765 501 1841 arse.)
523 1784 590 1823 cum
612 1764 756 1823 addendis
778 1763 932 1822 nonnanis
956 1762 1021 1838 (pp.
1038 1747 1117 1821 254*
1132 1769 1162 1820 et
1178 1760 1300 1838 asar).
1334 1763 1479 1822 neaerae
1500 1773 1572 1822 sunt
1586 1765 1676 1822 aba·

334 1867 381 1925 lae
400 1867 609 1944 lithographae
624 1867 764 1944 quinque,
788 1865 1054 1942 quaescripturae
1076 1865 1204 1923 formam
1227 1875 1316 1942 atque
1338 1865 1414 1922 adeo
1437 1866 1515 1923 aeris
1537 1867 1676 1924 colorem

334 1968 460 2028 fideliter
486 1969 622 2028 imitatae
648 1969 695 2043 (ut
717 1968 837 2027 tabulae
860 1967 1098 2044 Ritschelianae)
1126 1968 1213 2026 trium
1242 1968 1408 2026 tabularum
1436 1968 1522 2025 initia
1543 1968 1676 2044 singulis

333 2071 523 2148 imaginibus,
546 2071 652 2129 deiude
674 2083 765 2148 caput
785 2089 877 2130 unum
901 2065 1077 2146 (CXXIX)
1093 2070 1213 2128 tabulae
1235 2069 1350 2142 tertiae,
1372 2071 1500 2146 denique
1519 2070 1675 2146 fragmen-

334 2180 396 2231 tum
420 2173 568 2249 quoddam
590 2193 649 2232 non
672 2173 772 2250 magni
794 2173 881 2252 pretii
905 2173 1050 2244 alienum,
1074 2173 1189 2231 scilicet
1210 2171 1327 2231 tabulae
1350 2192 1455 2232 aereae
1476 2173 1602 2232 Italicae
1627 2193 1676 2232 re-

334 2285 460 2353 pertum,
483 2277 563 2356 quod
585 2275 664 2334 infra
685 2275 831 2348 dabimus,
853 2282 1089 2352 repraesentant.

418 2377 455 2435 ln
482 2377 613 2436 editione
639 2377 668 2436 id
692 2378 881 2455 potissimum
906 2385 1059 2454 spectasse
1083 2395 1115 2435 se
1137 2377 1289 2455 Berlanga
1310 2378 1365 2450 ait,
1394 2387 1564 2437 attextum
1586 2380 1678 2438 tabu·

334 2480 432 2539 larum
455 2471 616 2539 exhiberet
631 2498 722 2556 quam
744 2480 970 2538 accuratissime
992 2487 1023 2536 et
1042 2480 1216 2538 fidelissime
1239 2499 1425 2558 expressum,
1451 2500 1581 2557 eumque
1603 2501 1676 2558 pro-

336 2584 430 2642 misso
460 2583 581 2641 stetisse
609 2600 659 2641 res
687 2583 756 2659 ipsa
782 2583 882 2654 docet;
910 2583 962 2640 vix
990 2583 1069 2640 enim
1099 2600 1240 2658 umquam
1269 2584 1340 2642 talis
1362 2585 1491 2642 ambitus
1513 2577 1681 2660 inscriptio

336 2685 453 2742 videtur
478 2691 704 2761 repraesentata
730 2703 798 2743 esse
824 2685 855 2742 in
882 2685 950 2762 ipsa
972 2683 1102 2743 editione
1125 2685 1260 2761 principe
1282 2694 1340 2743 tam
1363 2696 1441 2744 recte
1464 2693 1493 2744 et
1514 2685 1676 2763 castigate.

336 2785 424 2868 Quod
450 2787 481 2844 in
508 2787 730 2845 commentariis
759 2805 817 2844 non
845 2786 947 2844 omnia
972 2794 1051 2846 recte
1078 2797 1235 2845 assecutus
1263 2796 1311 2846 est
1335 2788 1446 2861 editor,
1473 2788 1503 2845 id
1528 2789 1560 2846 in
1588 2798 1678 2848 tanta

335 2890 378 2946 rei
406 2889 538 2947 novitate
566 2897 595 2946 ct
622 2890 751 2947 maxime
777 2889 806 2946 in
829 2888 969 2947 luctuosa
989 2907 1066 2964 quae
1088 2889 1147 2947 fuit
1167 2909 1204 2953 eo
1225 2900 1358 2967 tempore
1381 2889 1547 2968 Hispaniae
1569 2892 1677 2950 condi-

336 2991 420 3048 cione
441 3009 629 3068 nequaquam
653 2991 678 3048 ei
702 2991 774 3049 vitio
791 2998 906 3049 vertent
927 2991 1055 3050 lectores
1078 2992 1174 3066 periti.
1211 2991 1306 3051 Immo
1329 2991 1497 3052 tabularum
1515 2993 1676 3054 dominum

335 3093 453 3152 laudem
480 3093 537 3152 sibi
559 3092 711 3168 peperisse
734 3111 795 3152 non
816 3093 1004 3152 interituram
1026 3093 1185 3152 vindicatis
1208 3091 1246 3152 iis
1269 3095 1306 3153 ab
1329 3095 1466 3166 interitu,
1492 3115 1549 3154 neo
1571 3098 1675 3158 minus

335 3196 411 3254 bene
439 3195 584 3254 meruisse
610 3194 647 3253 de
673 3195 745 3253 orbe
771 3196 937 3254 litterarum
966 3196 1105 3254 universo
1132 3197 1275 3255 editorem
1298 3205 1386 3255 antea
1407 3215 1526 3274 quoque
1548 3211 1679 3278 propter

335 3297 447 3355 similia
474 3296 620 3372 beneficia
646 3298 727 3372 apud
753 3315 823 3357 suos
850 3307 1031 3373 exterosque
1059 3299 1165 3356 merito
1187 3298 1365 3357 celebratum
1388 3309 1474 3376 grato
1497 3303 1599 3360 animo
1622 3321 1679 3380 ag·

334 3407 460 3458 noscent
486 3389 656 3476 quicunque
682 3409 876 3460 monumenta
900 3400 975 3460 haec
1000 3400 1132 3476 insignia
1156 3401 1186 3458 in
1214 3401 1309 3462 lucem
1337 3403 1487 3478 prodiisse
1512 3405 1676 3464 nobiscum

335 3500 516 3578 gaudebunt.

418 3603 525 3663 Prodit
550 3604 629 3663 infra
651 3612 752 3663 textus
774 3623 792 3661 a
813 3604 1015 3678 Mommseno,
1043 3605 1085 3663 uti
1107 3615 1262 3683 parerat,
1291 3607 1471 3666 constitutus
1498 3627 1565 3667 cum
1588 3609 1678 3670 brevi

335 3707 399 3765 eius
426 3707 653 3778 commentari03
682 3724 737 3782 ego
763 3725 861 3783 pauca
887 3707 1044 3766 additurus
1072 3725 1139 3765 sum
1167 3708 1203 3766 de
1229 3709 1326 3768 forma
1350 3709 1517 3769 tabularum
1546 3721 1679 3772 externa

335 3828 497 3886 earumque
520 3809 676 3887 scriptura.

420 3910 555 3970 Tabulae
578 3921 649 3970 sunt
670 3920 742 3982 tres,
764 3930 892 3987 quarum
915 3913 1011 3989 prima
1033 3912 1119 3990 larga
1140 3925 1187 3972 est
1208 3931 1245 3974 m.
1262 3913 1377 3986 0.93lt,
1400 3915 1462 3973 alta
1482 3916 1589 3993 paullo
1604 3917 1677 3994 plus

307 4013 419 4094 Ι,0.59,
443 4013 573 4072 secunda
594 4013 679 4090 larga
700 4013 783 4084 0.68,
806 4014 869 4072 alta
890 4015 971 4086 (lbi),
995 4015 1082 4074 tertia
1103 4016 1188 4094 larga
1210 4017 1324 4090 usam,
1347 4017 1408 4076 alta
1423 4017 1509 4089 0.60;
1533 4019 1678 4080 videntur

335 4115 427 4190 igitur
453 4135 558 4175 omnes
585 4115 656 4174 olim
679 4134 739 4174 uno
761 4116 865 4175 ordine
888 4117 1005 4192 publice
1027 4119 1183 4192 expositae
1206 4119 1309 4178 luisse.
1344 4117 1482 4178 *Ordines
1504 4123 1677 4198 scripturae

335 4215 433 4291 prima
454 4217 557 4275 tabula
578 4217 668 4276 habet
689 4227 748 4276 tres
772 4237 910 4277 versuum
934 4218 972 4277 34
995 4228 1025 4276 et
1047 4218 1195 4292 ecerat,
1223 4220 1353 4278 secunda
1375 4222 1451 4280 duos
1474 4241 1617 4283 versuum
1635 4225 1675 4283 36

336 4327 366 4375 ct
388 4318 437 4388 37,
460 4319 548 4377 tertia
569 4332 630 4378 tres
653 4337 811 4378 versunum
834 4321 874 4380 48
891 4329 920 4378 et
935 4319 973 4378 52
990 4329 1019 4378 et
1037 4321 1087 4391 473
1109 4322 1141 4379 in
1156 4322 1212 4380 hac
1227 4323 1349 4381 secundi
1364 4324 1478 4382 ordinis
1501 4343 1529 4382 v.
1546 4324 1675 4384 32-52

335 4428 365 4476 et
387 4420 467 4478 tertii
488 4441 517 4479 v.
535 4422 634 4480 1-13
664 4421 781 4479 exarati
803 4431 874 4481 sunt
895 4422 1005 4480 litteris
1027 4423 1204 4516 minoribus.
1249 4424 1368 4483 Tabula
1388 4426 1522 4485 secunda
1543 4428 1675 4504 primam

335 4521 502 4593 continuat3
525 4523 603 4581 inter
624 4521 786 4582 secundam
809 4525 986 4600 tertiamque
1008 4523 1112 4604 tabula
1131 4545 1193 4584 una
1213 4526 1355 4603 pluresve
1377 4528 1561 4589 exciderunt.
1599 4531 1676 4608 Ipsa

335 4641 406 4680 aera
431 4621 547 4702 integra
572 4624 636 4683 fere
661 4625 700 4682 ad
726 4644 781 4683 nos
808 4635 1022 4703 pervenerunt3
1051 4646 1119 4685 nam
1145 4629 1177 4686 in
1199 4628 1265 4687 solo
1292 4630 1380 4688 tertio
1408 4630 1555 4690 elementa
1583 4651 1677 4710 quae-

336 4725 404 4783 dam
426 4725 455 4784 in
478 4727 610 4786 fractura
631 4727 784 4804 perierunt
803 4727 934 4788 maxime
954 4730 984 4788 in
1000 4727 1107 4788 mediis
1122 4731 1261 4790 versibus
1278 4731 1306 4805 7,
1322 4730 1444 4792 42-52
1468 4735 1675 4812 extremisque

336 4827 366 4898 8,
382 4827 515 4886 44-47.

418 4929 553 5004 Tabulas
578 4931 705 5008 primam
731 4941 762 4990 et
788 4931 912 4994 alteram
939 4953 1028 4992 unam
1045 4935 1126 4993 ‘olim
1154 4933 1289 4994 effecisSe
1316 4936 1448 5023 [rectura
1473 4937 1542 5015 ipsa
1561 4939 1677 5018 margi·

336 5047 407 5088 num
434 5031 549 5090 dexteri
576 5032 701 5092 alterius
729 5034 911 5112 alteriusque
937 5035 1016 5095 laevi
1044 5037 1129 5094 docet
1155 5038 1200 5096 ita
1226 5049 1258 5096 ut
1283 5057 1303 5096 a
1323 5037 1476 5118 Berlanga
1497 5059 1675 5119 repraesen-

335 5139 415 5190 tatur
441 5132 577 5208 (scilicet
602 5135 699 5194 minor
725 5155 812 5214 pars,
839 5137 942 5196 tabula
969 5139 1079 5211 altera,
1107 5139 1135 5196 vi
1163 5140 1272 5199 avulsa
1299 5151 1347 5200 est
1374 5161 1393 5200 a
1417 5143 1563 5220 maiore),
1592 5145 1703 5222 quod-

336 5234 530 5296 confirmatur
550 5236 664 5296 diserto
685 5237 812 5298 editoris
834 5241 1004 5300 testimonio
1026 5241 1070 5318 (p.
1087 5240 1126 5299 35
1149 5240 1218 5301 libri
1233 5242 1322 5320 eius).
1357 5241 1479 5304 Tabula
1499 5245 1591 5306 tertia
1606 5267 1677 5308 cum
