3540 5828
355 261 427 332 120
785 279 1095 332 snmrmmrvrvu
1111 279 1197 332 von.
1216 279 1246 330 11

303 435 309 486 i
356 453 491 514 Caesaris
524 455 724 532 confirmandis
753 456 820 514 deoc
847 455 989 512 dictatura
1017 457 1047 512 ic
1073 453 1242 530 perpetuari
1269 452 1394 510 tollenda
1422 452 1489 510 deve
1518 453 1630 510 colonis
1661 455 1694 507 ia

299 523 305 636 i
346 545 439 631 ¹reptos
465 557 635 615 deducendis
658 557 756 616 tulisse
778 557 822 615 M.
845 557 986 615 Antonias
1008 558 1123 627 dicitur,
1146 556 1257 614 eusdem
1281 555 1355 631 lepus
1378 557 1412 612 de
1434 558 1557 630 integro,
1586 565 1618 611 ut
1636 572 1694 630 po-

299 657 302 722 ?
348 659 601 734 palaestrarum,
628 660 718 717 salvis
741 663 880 736 auspiciis
895 655 974 735 sarri
993 659 1096 736 placet.
1140 657 1218 716 Nam
1246 675 1426 734 quamquam
1454 657 1491 715 de
1517 657 1639 716 colonis
1661 656 1693 712 in

296 725 302 806 i
351 760 442 820 Italia
467 761 602 820 deductis
628 761 818 837 potissimum
846 761 895 837 agi
921 762 978 820 hoc
1005 761 1072 819 looo
1099 768 1231 831 constat,
1257 760 1332 818 nibil
1356 759 1496 836 impedit,
1524 759 1693 835 quominus

294 845 298 948 Ξ
352 863 442 922 etiam
468 863 670 939 provinciales
696 864 830 923 colonias
857 863 1002 940 quasdam
1022 865 1176 924 ,Antonius
1204 862 1292 921 simul
1315 862 1525 934 confirmarit..
1554 859 1693 922 Senatus

283 1001 291 1038 ,·
352 967 523 1025 consultum
546 965 686 1042 plebique
709 965 814 1024 scitum
838 983 914 1042 quas
937 965 1043 1024 deinde
1065 973 1337 1024 commemorantur
1358 965 1396 1024 ud
1418 965 1515 1024 solam
1537 963 1709 1023 coloniam*

354 1065 532 1128 Genetivam
559 1069 697 1127 videntur
724 1069 905 1144 pertinuisse
931 1067 1055 1145 eiusque
1082 1066 1274 1128 deducendae
1302 1067 1385 1144 leges
1413 1066 1583 1126 accuratius
1610 1066 1693 1124 ordi-

266 1179 272 1244 ι
351 1172 484 1230 navisse.
506 1205 544 1214 —
572 1170 710 1229 Deducta
735 1171 825 1247 igitur
851 1180 897 1230 est
918 1169 1037 1229 colonia
1060 1171 1107 1228 rel
1130 1178 1210 1230 certe
1232 1170 1283 1228 lex
1304 1171 1471 1247 perscripta
1491 1169 1599 1246 primis
1621 1178 1694 1244 post

269 1245 273 1281 ⁹
352 1270 388 1330 C.
411 1270 553 1336 Caesaris
575 1273 690 1332 obitum
713 1272 882 1345 mensibus3
911 1273 957 1330 oui
980 1273 1107 1350 tempori
1129 1281 1208 1332 recte
1230 1273 1379 1344 convenit,
1402 1271 1482 1348 quod
1504 1273 1531 1331 is
1554 1271 1692 1330 nondum

268 1357 272 1378 ’
352 1376 435 1434 divas
457 1377 572 1434 dicitur.
617 1373 759 1434 Ceterum
781 1383 851 1434 sunt
871 1374 1017 1451 quaedam
1039 1375 1071 1434 in
1093 1375 1149 1434 hac
1170 1375 1236 1452 lege
1258 1373 1384 1434 Caesari
1406 1375 1476 1432 rivo
1499 1373 1693 1449 aliquantum

352 1477 470 1554 aptiora
496 1495 586 1554 quam
613 1488 746 1548 mortum
774 1477 905 1536 inaxinre
931 1477 1011 1554 quod
1038 1478 1069 1535 in
1095 1478 1194 1572 cupite
1220 1477 1258 1536 de
1280 1476 1361 1535 ludis
1383 1475 1480 1552 siqui
1502 1476 1591 1536 iussu
1613 1473 1693 1535 Cae·

353 1579 429 1638 saris
457 1581 664 1656 magistratum
691 1579 813 1639 habebit
833 1579 918 1637 locus
940 1579 1093 1652 tribuitur,
1120 1589 1189 1657 post
1211 1588 1337 1638 mortem
1359 1578 1423 1637 eius
1448 1578 1501 1635 vix
1521 1578 1616 1637 scribi
1639 1597 1692 1655 po-

352 1683 418 1740 tuit.
461 1681 587 1741 Videtur
613 1683 716 1762 igitur'
731 1683 807 1740 haec
833 1681 884 1740 lex
912 1700 982 1740 rere
1009 1680 1163 1740 dictatoris
1191 1683 1275 1741 iussu
1303 1681 1415 1759 scripta
1441 1699 1510 1740 esse
1535 1699 1592 1740 nec
1622 1689 1694 1756 post

343 1769 477 1843 ¹mortem
500 1785 564 1844 eius
586 1785 646 1843 nisi
669 1784 878 1861 supplementa
898 1783 1045 1860 quaedam
1067 1785 1227 1861 recepisse.

210 1893 345 1945 Lexlulis
437 1884 526 1960 Quod
553 1886 693 1946 scribitur
722 1887 815 1959 3,16
842 1904 931 1963 agros
958 1905 1011 1946 eos
1041 1886 1078 1945 de
1105 1887 1213 1963 quibus
1242 1887 1298 1945 hac
1322 1887 1389 1965 lege
1416 1886 1514 1963 agitur
1541 1883 1609 1943 dari
1638 1885 1692 1944 ad-

226 1970 330 2033 ⁸ss¹⁸¹i⁸
355 1988 468 2067 signari
497 2008 530 2047 ec
552 1989 611 2065 lupe
632 1988 725 2059 Iulia,
753 2007 788 2047 eo
817 1989 1005 2065 significatur
1027 2005 1086 2047 non
1108 1989 1158 2047 lex
1179 1988 1237 2065 ipsi
1260 1989 1396 2047 coloniae
1420 1985 1586 2047 Genetivae
1609 1987 1692 2060 data,

354 2091 409 2149 sed
430 2091 579 2169 generalis
602 2094 734 2167 agraria,
756 2109 841 2166 qaam
865 2092 896 2151 C.
921 2091 1030 2150 Caesar
1051 2092 1116 2150 tulit
1137 2091 1246 2165 (verba
1267 2099 1338 2151 sunt
1359 2088 1525 2149 Callistrati
1548 2089 1624 2167 Dig.
1640 2091 1693 2162 47,

354 2193 404 2265 21,
421 2195 438 2253 3
454 2193 525 2272 pr).
560 2192 657 2268 Quam
680 2212 747 2252 cum
767 2193 878 2252 dudum
898 2193 1202 2252 demonstraverimus
1218 2193 1393 2252 Rudorffius
1408 2210 1523 2271 egoque
1546 2191 1692 2270 (gromat.

355 2295 388 2367 2,
411 2295 481 2355 323.
506 2294 582 2367 244;
613 2297 651 2354 of.
678 2295 856 2372 Marquardt
881 2285 1155 2372 Stactsvcrwaltrrap
1185 2297 1216 2368 1,
1239 2297 1319 2372 447)
1346 2314 1405 2353 nou
1433 2294 1551 2354 differre
1579 2295 1618 2352 ab
1647 2315 1692 2368 ea,

354 2399 440 2456 cuius
461 2397 561 2475 capita
581 2399 639 2456 tria
661 2407 812 2474 tamquam
828 2399 905 2476 legis
920 2399 1074 2457 Mamilius
1087 2398 1217 2457 Rosciae
1232 2398 1408 2457 Peducacae
1424 2397 1560 2456 Allienae
1576 2397 1693 2456 Fabiae

355 2517 464 2576 corpus
491 2501 720 2576 gromatioorum
748 2519 776 2576 p.
794 2499 908 2576 tsssq.
937 2501 1081 2573 servavit,
1108 2501 1166 2560 ium
1193 2520 1230 2559 ea
1251 2502 1422 2560 coniectura
1442 2501 1561 2578 egregie
1583 2500 1692 2559 confir-

356 2612 467 2674 matur;
495 2621 563 2660 num
591 2601 672 2678 quod
699 2612 789 2677 eaput
810 2611 856 2660 cst
877 2603 953 2678 legis
976 2603 1128 2670 Mamilius
1148 2601 1257 2673 LIIll,
1285 2604 1315 2661 in
1343 2603 1409 2680 lcge
1431 2602 1567 2661 coloniae
1590 2600 1691 2661 Gene-

355 2704 434 2762 tivae
457 2724 481 2762 o.
499 2703 589 2763 Cllll
612 2705 655 2764 ita
675 2705 767 2778 redit,
795 2714 828 2763 ut
850 2705 901 2764 ubi
922 2705 975 2763 illa
996 2705 1033 2763 de
1055 2725 1127 2783 agro
1150 2707 1179 2762 in
1204 2706 1377 2764 universum
1400 2705 1542 2782 disponit,
1564 2705 1639 2763 haec
1662 2705 1693 2762 id

354 2805 454 2883 ipsum
481 2807 518 2864 de
545 2807 609 2867 solo
637 2805 784 2866 Genetivo
811 2807 918 2866 iisdem
946 2808 1044 2865 verbis
1071 2815 1195 2883 repetat.
1239 2809 1345 2884 ltaque
1373 2826 1437 2866 cnm
1466 2807 1520 2864 illa
1547 2809 1592 2865 sic
1618 2806 1693 2865 inci-

355 2910 434 2986 piat:
457 2927 531 2986 qace
552 2909 664 2968 colonia
686 2911 739 2968 lac
761 2911 964 2985 lupe-deducta
986 2911 1095 2985 quodue
1115 2913 1300 2985 raanicrpium
1318 2912 1501 2985 praefectura
1509 2912 1611 2984 soram
1627 2929 1694 2966 con-

273 3009 276 3014 ’
356 3012 520 3070 oilicbulara
541 3015 720 3070 coustitutum
741 3016 809 3082 crit,
838 3010 1017 3072 Genetivum
1040 3021 1164 3089 apparet
1186 3031 1275 3070 unam
1298 3031 1366 3071 esse
1389 3031 1426 3070 ex
1448 3011 1538 3069 rebus
1560 3011 1694 3088 publicis

355 3114 394 3172 ad
419 3113 545 3172 formam
571 3133 590 3172 a
611 3113 744 3174 Caesare
769 3115 955 3192 propositam
983 3113 1141 3173 ordinatis.
1184 3113 1324 3190 Denique
1351 3133 1411 3191 qua
1436 3114 1473 3172 de
1495 3133 1527 3171 re
1549 3113 1694 3172 dissensi-

357 3234 424 3274 mus
440 3215 615 3275 Rudorifius
638 3226 668 3275 et
689 3235 754 3293 ego,
778 3236 843 3274 cum
866 3216 917 3274 ille
933 3216 1029 3292 legem
1045 3216 1209 3274 Mamiliam
1225 3217 1367 3276 tribueret
1383 3214 1417 3274 C.
1435 3215 1560 3275 Caesari
1576 3215 1695 3274 Tiberii

356 3319 474 3394 nepoti,
501 3337 557 3395 ego
581 3318 731 3389 dictatori,
761 3338 808 3377 me
830 3339 932 3377 verum
954 3319 1067 3377 vidisse
1092 3329 1161 3395 post
1181 3319 1277 3395 legem
1300 3317 1465 3378 Genetivae
1487 3319 1625 3377 coloniae
1648 3340 1695 3378 rc·

357 3429 472 3497 partam
494 3431 583 3480 extra
603 3421 838 3480 controversiam
862 3431 916 3479 est.

216 3531 272 3580 Lex
286 3529 348 3580 data
442 3522 516 3600 Ipsa
537 3524 589 3583 lex
610 3541 699 3600 quam
720 3537 857 3582 tenemus
879 3541 938 3582 non
960 3532 1066 3600 rogata
1087 3532 1134 3581 est
1155 3524 1350 3601 (quamquam
1373 3524 1518 3582 remansit
1533 3521 1561 3593 2,
1577 3521 1616 3580 28
1633 3523 1696 3581 ior-

358 3626 439 3685 mula
461 3626 617 3685 sollemnis
640 3626 863 3702 exa-unu),
887 3627 939 3684 sed
962 3627 1031 3685 duta
1053 3625 1181 3701 (8‚14);
1205 3627 1320 3684 scilicet
1340 3627 1424 3686 iussu
1447 3624 1589 3684 Caesaris
1612 3627 1695 3702 lege·

358 3747 416 3804 que
430 3730 566 3787 Antonia
587 3737 638 3787 aut
660 3729 726 3804 ipse
742 3729 893 3786 Antonius
917 3736 969 3785 aut
990 3728 1067 3786 alius
1090 3727 1211 3805 quidam
1233 3747 1330 3786 novae
1352 3729 1487 3786 coloniae
1505 3727 1587 3804 leges
1601 3728 1696 3800 dedit,

359 3849 419 3916 qua
440 3830 530 3889 dere
552 3831 617 3889 dixi
638 3831 677 3888 ad
698 3813 782 3907 leges
803 3830 1012 3888 Malaoitanam
1034 3836 1064 3888 et
1086 3827 1304 3906 Salpensanam
1327 3849 1355 3906 p.
1373 3831 1442 3889 394.
1479 3830 1561 3888 Data
1582 3829 1623 3888 sit
1646 3849 1697 3888 ne-

359 3951 444 3992 cesse
473 3940 519 3992 est
547 3951 582 3992 eo
603 3935 672 4008 ipso
695 3943 842 4008 tempore,
869 3951 929 4008 quo
952 3932 1071 3990 colonia
1092 3932 1253 3991 constituta
1275 3939 1335 4004 est,
1362 3933 1391 3990 id
1414 3931 1493 4008 quod
1516 3932 1699 3992 confirmant

358 4035 451 4094 verba
469 4037 496 4105 l,
513 4035 565 4093 19:
588 4040 755 4111 quicumque
771 4036 852 4092 Iloir
869 4045 938 4110 post
959 4033 1099 4092 colonium
1120 4035 1270 4093 deductam
1284 4037 1385 4110 sacttcs
1408 4045 1553 4093 creaturus
1575 4039 1640 4108 erit,
1665 4045 1698 4094 ut

358 4137 503 4196 formulae
527 4147 594 4214 post
622 4139 762 4198 coloniam
789 4138 938 4210 deductam
964 4147 994 4194 et
1015 4137 1179 4214 posthunc
1202 4135 1555 4213 leperadutcrn(8,14)
1579 4157 1611 4196 rc
1634 4159 1698 4196 non

361 4237 509 4297 differant.
589 4279 590 4284 κ

226 4347 343 4398 Tabulae
445 4339 601 4402 Scribendi
622 4343 700 4401 ratio
722 4347 795 4401 cum‘
811 4342 909 4418 ipsius
929 4341 1005 4418 legis
1021 4349 1118 4401 aetate
1133 4360 1239 4420 parum
1255 4343 1409 4413 convenit3
1431 4361 1499 4400 nam
1516 4361 1582 4400 cum
1598 4341 1697 4418 legem

233 4421 336 4544 q⁰i⁰?⁰
362 4444 502 4520 scriptam
525 4462 592 4502 esse
614 4465 640 4504 a.
656 4464 685 4503 u.
703 4464 728 4503 c.
746 4445 806 4503 710
829 4445 1140 4516 demonstraverimus,
1164 4455 1195 4502 et
1216 4444 1427 4520 grammaticae
1449 4444 1563 4502 formae
1585 4451 1614 4502 et
1637 4446 1698 4503 cle-

162 4543 164 4552 ’
231 4509 298 4558 scrip
311 4510 342 4545 se
362 4555 528 4604 mentorum
550 4549 664 4623 figurae
687 4555 801 4605 tantum
825 4547 912 4606 abest
933 4557 967 4605 ut
987 4546 1146 4622 quicquam
1170 4546 1301 4605 babeant
1322 4545 1512 4605 Caesarianis
1534 4550 1698 4626 Augustis·

361 4665 419 4724 que
441 4650 627 4728 temporibus
652 4650 815 4726 proprium,
839 4660 872 4709 ut
886 4649 1020 4727 vulgaris
1041 4649 1226 4722 consuetudo
1249 4649 1361 4708 saeculi
1383 4650 1471 4725 primi
1493 4651 1633 4709 exeuntis
1652 4669 1698 4709 se·

361 4751 510 4827 condique
531 4761 675 4829 perpetuo
696 4752 737 4811 ibi
759 4752 901 4810 obtineat.
945 4750 1111 4827 Exemplar
1131 4751 1223 4827 igitur
1245 4751 1327 4826 quod
1348 4759 1482 4810 tenemus
1504 4760 1698 4811 retractatum

361 4853 400 4912 sit
422 4872 544 4912 necesse
567 4863 662 4913 estet
684 4853 721 4912 ab
744 4853 781 4911 iis
804 4855 856 4930 qui
879 4854 1072 4930 archetypum
1091 4862 1198 4928 postea
1212 4853 1435 4930 descripserunt
1448 4867 1700 4932 recognoverunt·

361 4972 420 5031 que
446 4955 484 5015 ad
511 4973 582 5016 suae
609 4957 716 5016 aetatis
744 4974 831 5014 usum
859 4966 996 5015 exactum
1023 4954 1177 5032 diligentia
1204 4965 1234 5014 et
1261 4956 1430 5016 constantia
1456 4975 1529 5016 sane
1555 4958 1700 5018 mirabili.
