3540 5828
568 511 724 572 Qvnns'r.
745 511 961 562 ouounron.
982 513 1007 561 1.
1403 489 1450 559 83

206 684 255 741 Ex
277 683 446 741 nominibus
467 684 628 759 gentilieiis
651 686 681 743 in
704 703 786 756 anus,
809 703 885 760 quae
907 686 936 742 in
952 695 1115 760 conspectu
1130 685 1228 742 locum
1244 684 1378 742 obtinent
1395 684 1454 760 pri·

111 805 218 858 mum,
248 805 284 853 oa
310 803 444 844 seorsum
473 786 688 845 consideranda
713 795 797 858 sunt,
825 806 903 862 quse
929 786 1067 845 similitor
1094 796 1182 862 atque
1204 786 1395 864 cognomina,
1422 795 1456 842 ut

113 907 218 964 supra
247 888 361 960 monui,
390 889 422 946 iu
444 891 541 946 ionius
567 890 764 947 terminantur
785 908 844 948 non
867 889 897 947 iu
919 909 1007 960 anas,
1034 907 1156 947 numero
1180 889 1311 966 triginta
1356 887 1454 945 Minus

111 999 204 1047 certa
227 988 448 1064 (*Maoerianus
470 986 666 1068 *Osenianus)
689 992 808 1064 omitt03
834 991 965 1068 quinque
990 1010 1093 1049 eorum
1120 991 1157 1047 nd
1184 1000 1255 1048 nota
1277 973 1472 1065 oppidorum

111 1085 247 1150 nomino
267 1093 372 1150 referri
395 1101 535 1168 possunt:

587 1256 737 1316 Bouianus
788 1259 826 1316 ud
848 1257 1013 1316 Bovianum

590 1359 764 1418 Corellianus
791 1359 828 1416 ud
851 1359 987 1418 Cerellos

591 1461 727 1520 Tisianas
791 1462 829 1520 sd
852 1462 967 1520 Tisiam

594 1565 738 1622 Varianus
793 1563 831 1620 sd
853 1564 977 1622 Varium

531 1685 543 1723 s
593 1667 762 1724 Vitellianus
793 1666 831 1723 ud
853 1665 1020 1724 Bovianum

105 1831 231 1906 quibus
256 1830 388 1889 fortusse
410 1831 523 1890 accedit

392 1995 559 2053 Baebianus
582 1995 618 2052 sd
640 1993 769 2072 Ligures
792 1993 962 2052 Baebianos
985 1993 1182 2052 referendum.

105 2159 187 2217 Hoc
214 2165 247 2215 et
267 2157 420 2215 Bovianus
442 2157 543 2216 sudem
567 2160 682 2217 rationu
704 2168 794 2236 utque
816 2158 950 2214 locorum
973 2157 1094 2215 uomina
1115 2157 1250 2215 derivata
1271 2165 1341 2216 sunt
1363 2157 1454 2228 (unde

105 2261 318 2319 nonmirum
347 2262 435 2318 etism
458 2261 619 2319 Romanius
648 2280 755 2319 nomeu
784 2262 916 2335 exturu);
943 2259 1069 2318 Baebius
1091 2259 1201 2318 Bovius
1222 2261 1292 2317 item
1319 2259 1455 2318 Cerellios

105 2365 142 2439 (a
172 2361 322 2420 Caerellia
349 2364 478 2421 fortasse
504 2382 563 2420 non
589 2362 755 2437 diuersum)
782 2362 935 2440 gentilicia
960 2371 1031 2420 nota
1059 2371 1143 2432 sunt;
1170 2361 1286 2438 reliqua
1312 2361 1371 2420 tria
1392 2371 1452 2420 tum

103 2485 123 2522 a
147 2464 323 2542 gentiliciis
338 2465 434 2522 Tisias
457 2465 561 2523 Varias
582 2464 714 2523 Vitellius
729 2484 817 2540 quum
833 2485 852 2522 u
866 2466 999 2523 locorum
1014 2463 1186 2522 nominibus
1201 2471 1363 2541 potueruut
1378 2464 1455 2521 dori-

102 2567 189 2626 vari.
238 2565 321 2626 Octo
345 2577 406 2624 taur
429 2568 549 2626 nomina
570 2586 659 2644 quum
681 2567 859 2646 cognomina
882 2567 1012 2625 suerunt:

485 2739 629 2800 Curianus
839 2761 850 2798 s
895 2741 920 2798 Τ
918 2744 1040 2798 actionus

482 2845 646 2903 Flavianus
894 2845 1039 2900 Traianus

481 2946 629 3006 Parianus
903 2945 1039 3004 Vibianus

481 3049 606 3109 Seianus
899 3049 1045 3106 Varianus

96 3227 144 3284 ita
175 3231 210 3282 ut
235 3223 343 3282 videri
373 3224 487 3298 possint
513 3245 551 3284 ex
578 3236 662 3303 purte
685 3241 831 3283 converso
851 3241 919 3282 esse
940 3243 978 3283 ex
1001 3225 1211 3302 cognominum
1233 3243 1289 3282 usu
1312 3244 1403 3300 pravo
1424 3225 1455 3283 in

95 3327 285 3404 gentiliciam
310 3326 381 3382 eius
404 3329 519 3402 generis
541 3338 613 3405 puto
629 3328 754 3386 Traiani
776 3327 905 3385 nominis
926 3327 1070 3403 gentilitii
1085 3327 1256 3404 exemplum
1270 3345 1347 3385 esse.
1380 3327 1423 3386 Ut
1437 3347 1456 3384 o

95 3428 358 3506 cognominibus
380 3417 411 3485 in
426 3449 506 3502 anus,
527 3430 571 3490 itu
592 3450 610 3488 a
631 3449 685 3490 sex
708 3447 809 3488 eorum
830 3429 983 3508 gentilicia
1004 3430 1132 3489 formata
1148 3430 1313 3506 reperimus
1328 3429 1358 3487 in
1374 3432 1432 3488 ius:

486 3605 635 3664 Bouianus
890 3599 1064 3663 Bouianius'

489 3709 631 3782 Curianus
895 3706 1052 3768 Curiosius

488 3810 617 3869 Faianus
893 3811 1037 3869 Faianius

487 3912 651 3972 Saanianus
893 3913 1068 3972 Seaaianius

434 4033 445 4070 s
487 4014 610 4074 Seianus
895 4015 1028 4075 Seianius

493 4117 618 4176 Veianus
901 4101 1046 4178 Veianius

89 4299 241 4356 Restant
265 4291 524 4369 quattuordecim,
546 4313 623 4369 quse
645 4300 773 4370 possunt
794 4302 854 4351 tam
878 4312 896 4350 a
917 4293 1075 4369 gentilioiis
1090 4292 1226 4350 derivata
1246 4309 1312 4349 essu
1336 4292 1382 4368 (ut
1397 4300 1456 4350 tro·

91 4402 202 4460 ditum
229 4405 285 4458 est
310 4395 344 4452 in
370 4393 510 4454 Traianus
532 4395 669 4471 Seianas)
692 4415 782 4471 quam
805 4415 824 4453 u
845 4395 978 4454 locorum
1001 4395 1171 4454 nominibus
1194 4395 1282 4454 hoec:

488 4573 642 4632 Annianus
892 4571 1038 4630 Nerianus

489 4675 642 4734 Babianus
894 4675 1027 4732 Baianus

490 4777 645 4852 Cispianas
830 4795 854 4832 ot
899 4777 1094 4835 Romanianus

492 4880 646 4938 Curtianus
893 4875 1059 4937 'Saroianus

435 4999 447 5038 o
488 4979 638 5039 Lusionus
899 4979 1049 5040 Statianus

489 5083 677 5142 Maetilianus
897 5083 1051 5142 Tebeianus

490 5186 647 5244 Marianus
894 5209 895 5212 ¹
908 5186 1086 5246 Velineianas
