3466 5820
302 473 376 544 278
862 484 1063 537 mussas

383 666 492 742 Agitur
512 665 544 722 in
567 671 758 722 monumento
787 660 824 720 da
850 659 992 719 nundinis
1016 657 1205 718 instituendis
1228 658 1436 736 habendisque
1462 662 1492 716 ia
1514 647 1637 735 prouin-

301 775 345 828 cta
367 767 472 844 Africa
493 769 608 844 regione
629 765 775 841 Bepueasi
797 766 937 822 territorio
958 761 1198 819 Musulamiorum
1225 763 1266 818 ad
1289 757 1379 821 Casas
1407 763 1455 821 vel
1482 771 1514 820 ut
1542 781 1638 840 supra

302 872 400 930 minus
423 880 561 930 accurate
582 843 764 942 breviusque
786 865 896 924 dicitur
919 867 953 924 da
974 865 1109 922 mundicia
1131 860 1224 921 saltim
1246 863 1405 940 Bapuoaais
1433 868 1463 922 ia
1491 869 1636 924 territorio

305 976 432 1035 Garmai.
475 970 648 1030 Musulamii
680 970 800 1046 saepius
832 975 1110 1026 commemorantur.
1161 964 1273 1024 Narrat
1307 967 1386 1024 enim
1415 965 1564 1044 Florus¹)
1598 969 1639 1026 de

302 1080 457 1154 Augusto:
491 1075 544 1132 aul>
569 1073 728 1130 meridiano
756 1071 954 1130 tumultuatum
979 1071 1071 1144 mapis
1099 1087 1184 1144 quam
1206 1067 1339 1126 bellatum
1361 1079 1409 1127 aet.
1453 1069 1635 1129 Musulamos

302 1191 387 1255 atqua
417 1176 553 1238 Gaetulos
579 1175 692 1234 accolas
720 1173 847 1249 Syrtium
880 1169 969 1230 Cosso
997 1172 1068 1230 duca
1098 1174 1280 1246 compescuit,
1311 1188 1401 1245 quum
1431 1171 1587 1232 victoriam
1617 1192 1637 1229 a

302 1280 419 1340 Velleio
440 1278 542 1339 Dione
565 1275 674 1336 Orosio
696 1294 814 1352 quoquo
836 1281 1098 1333 commemoratam
1114 1270 1230 1332 Cossus
1253 1291 1279 1329 a.
1297 1272 1314 1330 6
1337 1274 1508 1349 reportavit.
1549 1272 1639 1347 Quae

302 1384 350 1442 hic
377 1383 413 1442 de
435 1381 555 1441 sedibus
585 1378 834 1438 Musulamiorum
862 1377 1033 1437 reseruntur
1059 1392 1118 1432 non
1147 1374 1193 1432 ita
1216 1375 1418 1454 intellegenda
1446 1384 1515 1436 sunt
1546 1378 1638 1452 quasi

303 1503 377 1563 gens
410 1485 464 1543 illa
496 1483 526 1540 in
559 1499 612 1540 ora
644 1480 795 1540 maritima
826 1478 1007 1538 habitaverit
1039 1477 1086 1536 vel
1118 1477 1149 1534 iu
1179 1478 1318 1554 partibus
1346 1478 1466 1536 Africae
1494 1476 1638 1556 Syrtibus

303 1587 463 1666 proximis:
491 1583 594 1643 rhetor
615 1581 770 1642 Romanus
796 1583 833 1640 de
860 1580 1044 1660 geographia
1069 1579 1190 1638 Africae
1217 1579 1295 1638 idem
1322 1579 1383 1639 fere
1413 1581 1532 1640 novisse
1555 1582 1639 1640 vide·

304 1699 352 1749 tur
380 1688 462 1765 quod
489 1695 608 1745 nostrae
636 1685 743 1744 aetatis
770 1685 828 1742 viri
858 1682 937 1741 docti
965 1682 1101 1759 plerique
1129 1682 1241 1754 sciunt,
1275 1681 1391 1742 scilicet
1419 1701 1484 1741 eam
1514 1685 1639 1744 meridie

304 1792 396 1850 maris
426 1789 575 1867 Tyrrheni
609 1789 697 1846 eitam
726 1805 794 1846 esse
823 1786 967 1862 sinusque
993 1784 1103 1844 babere
1132 1782 1236 1860 Syrtes
1266 1785 1449 1862 appellatos,
1481 1794 1641 1862 praeterea

218 1881 223 1888 Χ
304 1895 346 1954 ibi
374 1892 499 1971 reperiri
526 1891 630 1951 leones
659 1889 777 1950 deserta
804 1889 939 1948 homines
966 1889 1084 1964 nigros,
1112 1887 1144 1945 in
1170 1889 1311 1966 Aegypto
1341 1888 1429 1946 etism
1458 1888 1639 1966 hippopota-

305 2014 380 2056 mos.
430 1993 575 2056 Gaetulos
602 1993 680 2052 enim
708 2010 861 2068 nunquam
890 1988 1023 2066 Syrtium
1051 1991 1170 2049 accolas
1203 1991 1298 2049 luisse
1324 1999 1427 2049 notum
1455 2001 1516 2064 est,
1545 1991 1640 2052 idem-

305 2118 363 2175 que
395 2098 432 2156 da
459 2095 648 2156 Musulamiis
676 2101 794 2154 constat
820 2113 859 2152 ex
887 2094 925 2152 iis
952 2111 1030 2169 quae
1059 2092 1252 2152 Ptolemaeus
1282 2093 1470 2172 geographus
1501 2092 1640 2154 Tacitus-

307 2221 366 2278 que
398 2199 434 2258 de
467 2198 589 2257 sedibus
622 2217 723 2258 eorum
757 2195 952 2256 tradiderunt.
1003 2193 1237 2271 Ptolemaeusl)
1265 2205 1382 2274 gentem
1411 2214 1501 2272 quam
1529 2201 1641 2253 Μισου-

305 2293 391 2360 λάιιοι
418 2300 550 2378 appellat
577 2301 633 2358 sub
656 2299 742 2358 Audo
769 2307 869 2358 monte
895 2298 1078 2357 habitavisse
1104 2298 1248 2356 scribite
1270 2296 1454 2357 Cirtensibus
1483 2299 1640 2358 meridiem

306 2421 411 2462 versus
437 2404 467 2461 iu
495 2401 674 2461 occidentali
699 2410 784 2477 parte
805 2400 982 2473 Numidiae,
1008 2400 1179 2476 'Tacitus³)
1202 2420 1266 2460 eam
1288 2401 1501 2461 solitudinibus
1516 2402 1640 2462 Africae

305 2507 504 2585 propinquam
528 2505 702 2580 Maurisque
730 2503 861 2562 accolam
884 2503 969 2561 dicit:
1003 2503 1109 2580 quibus
1132 2503 1312 2562 testimoniis
1341 2504 1420 2564 ducti
1442 2506 1501 2562 iam
1523 2506 1640 2581 pridem
1725 2505 1728 2524 ¹

306 2619 385 2668 recte
412 2608 470 2666 viri
498 2606 577 2665 docti
600 2606 798 2665 Musulamios
824 2607 902 2664 inter
929 2614 1045 2664 montes
1068 2606 1157 2664 bodie
1181 2606 1286 2681 Dy'ebel
1308 2609 1407 2665 Aurez
1429 2607 1526 2665 dictos
1548 2609 1641 2666 fines·

308 2732 366 2789 que
388 2709 595 2770 Mauretaniae
621 2709 803 2767 territorium
832 2708 974 2766 habuisse
1001 2715 1177 2767 statuerunt.
1220 2709 1286 2766 Iam
1310 2727 1380 2767 vero
1408 2711 1534 2788 emergit
1558 2711 1642 2769 aliud

308 2832 411 2874 eorum
445 2811 629 2871 territorium
661 2811 691 2870 in
722 2811 819 2872 media
846 2812 909 2870 iere
936 2812 1091 2886 provincia
1118 2811 1341 2888 proconsulari,
1373 2811 1462 2888 longe
1494 2823 1641 2874 remotum

307 2917 345 2975 ab
367 2916 458 2975 Audo
480 2926 581 2974 monte
602 2915 791 2994 Maurisque:
824 2934 894 2972 num
917 2914 984 2972 iude
1006 2914 1064 2971 huc
1092 2933 1185 2990 usque
1212 2915 1286 2973 fines
1309 2915 1411 2990 gentis
1433 2916 1640 2992 pertinebant?

308 3020 404 3077 Immo
433 3019 493 3077 alia
519 3019 636 3080 ratione
664 3035 713 3075 res
743 3015 923 3093 explicanda
949 3025 1003 3074 est.
1047 3015 1152 3075 Refert
1178 3016 1254 3074 enim
1282 3015 1447 3092 Tacitus4)
1476 3018 1642 3094 imperante

309 3119 431 3179 Tiberio
464 3119 685 3180 Tacfarinatem
722 3118 884 3178 Numidam
921 3119 1053 3177 adiutum
1091 3119 1221 3177 maxime
1254 3119 1504 3178 Musulamiorum
1541 3123 1644 3180 valida

308 3232 396 3299 gente
429 3223 540 3281 bellum
573 3221 718 3280 Romanis
754 3221 905 3294 intulisse,
939 3240 1005 3280 oum
1034 3220 1144 3280 Furius
1173 3219 1319 3280 Camillus
1352 3223 1531 3297 proconsule
1561 3225 1643 3283 Afri-

310 3345 375 3384 cam
407 3325 555 3384 obtineret
581 3325 628 3401 (a.
654 3325 726 3400 17),
759 3325 797 3382 ab
830 3342 924 3401 eoque
950 3323 1055 3398 ,fusum
1087 3324 1290 3401 fugatumque.
1341 3323 1409 3398 Quo
1441 3326 1557 3402 proelio
1587 3328 1644 3385 etsi

309 3428 418 3488 bellum
446 3429 574 3487 sortasse
603 3426 770 3505 paullulum
798 3426 1018 3497 intermissum,
1051 3427 1215 3484 extinctum
1244 3435 1344 3485 tamen
1369 3446 1428 3486 non
1458 3438 1517 3500 est,
1547 3431 1644 3488 vario-

310 3549 369 3606 que
398 3550 451 3607 per
480 3529 648 3607 complures
677 3547 771 3588 annos
800 3530 895 3588 Marte
923 3529 1094 3606 gestum⁵);
1127 3547 1205 3586 anno
1235 3528 1353 3587 demum
1383 3527 1422 3586 24
1451 3547 1539 3589 caeso
1567 3532 1645 3592 duce

309 3633 481 3711 provinciae
507 3650 569 3708 pax
596 3631 711 3691 reddita
737 3631 828 3708 esti)
870 3633 951 3690 Inter
977 3649 1026 3690 res
1053 3649 1131 3690 anno
1155 3628 1191 3688 21
1221 3641 1321 3708 gestas
1349 3632 1423 3690 haec
1450 3633 1530 3708 apud
1555 3633 1647 3693 Taci-

310 3734 412 3812 tum⁷)
438 3735 591 3812 leguntur:
618 3753 705 3812 aeque
727 3735 813 3792 multo
831 3745 900 3809 post
923 3733 1041 3804 Caesar,
1069 3752 1130 3792 oum
1151 3733 1265 3792 Iunium
1287 3734 1426 3792 Blaesum
1443 3739 1647 3810 proconsulem

311 3840 433 3915 Africae
454 3837 591 3914 triumphi
610 3837 769 3914 iusipaibua
791 3837 940 3908 attolleret,
963 3838 1033 3895 duro
1054 3837 1086 3894 iol
1106 3855 1136 3894 aa
1157 3837 1229 3894 diait
1248 3837 1349 3894 honori
1363 3836 1474 3908 Seiani,
1495 3843 1578 3896 auius
1595 3841 1647 3899 ills

311 3940 467 3999 auunculus
490 3949 560 3998 erat.
603 3937 649 3997 Ac
670 3949 762 3997 tamea
783 3957 828 3996 ras
851 3939 955 3997 Blaesi
977 3941 1081 4015 dipuao
1103 3940 1200 3996 dacore
1221 3939 1274 3996 toli
1288 3941 1382 4012 suere.
1436 3939 1516 3998 Nam
1542 3941 1645 4016 Yacsa

311 4046 393 4101 rinas
419 4061 593 4119 quamquam
619 4045 735 4118 saepius
764 4042 901 4117 depulsus
927 4045 1150 4118 reparatie.par
1171 4044 1271 4099 intima
1293 4041 1413 4117 Africae
1441 4043 1561 4102 aucillis
1592 4046 1650 4106 huc

312 4147 501 4222 adrapaatiaa
526 4156 650 4219 uenerat,
672 4155 705 4203 ut
725 4145 831 4222 legatos
853 4145 893 4201 ad
917 4145 1056 4203 Tiberium
1078 4147 1198 4202 mitteret
1217 4145 1365 4219 eadamque
1385 4144 1460 4202 ultro
1483 4145 1539 4203 eibi
1559 4156 1651 4224 atque

390 4529 413 4591 ¹)
439 4529 474 4589 11,
496 4528 540 4578 31.

389 4619 413 4683 ²)
441 4623 489 4683 IV,
505 4622 530 4682 3,
546 4621 580 4670 24
601 4621 663 4670 dicit
682 4621 714 4670 ab
734 4621 867 4670 occidente
887 4622 1015 4686 incipiens
1035 4621 1233 4685 descriptionem
1252 4609 1329 4670 asilu
1343 4617 1369 4669 ll
1382 4617 1427 4670 τῶν
1441 4617 1483 4688 μὶν
1497 4620 1651 4690 Κιρτησίων

313 4712 353 4763 rui
366 4711 409 4777 τῆς
420 4708 559 4780 Νουμιδίας
573 4700 798 4782 μεσημβρινότεροι
811 4702 858 4762 rial
870 4702 900 4764 ad
914 4700 995 4762 Ailou
1010 4700 1068 4780 ὅρος
1081 4701 1247 4781 Μισουλᾶμοι
1261 4713 1316 4762 κτλ.

390 4805 415 4868 ³)
444 4808 514 4857 Anu.
534 4806 571 4867 11,
593 4805 637 4856 52.

391 4897 416 4960 ⁴)
448 4897 595 4948 Ann.t.1.

392 4989 416 5049 ⁵)
444 4993 514 5039 Ann.
534 4991 586 5051 111,
608 4993 641 5038 21
663 4997 689 5038 et
710 4993 743 5040 72
763 5007 801 5055 sq.

392 5079 417 5140 ⁶)
445 5082 515 5131 Anu.
535 5083 582 5142 lv,
605 5083 639 5132 23
660 5099 697 5147 sq.

393 5169 417 5234 1)
445 5174 516 5224 Anu.
535 5173 586 5236 111,
608 5173 642 5224 72
663 5191 700 5239 sq.
