3540 5828
325 479 398 552 252
626 499 934 552 ousaavsuronas
960 499 1237 552 urrcnsrmcsu
1254 497 1348 550 xvrr.

725 743 863 787 ΒΑΣΙΛΕΥΣ
884 741 983 787 totta
1004 743 1127 786 astraea
1148 743 1264 785 ΣΑΔΑΛΑ

724 847 773 888 ΚΑΙ
794 847 964 890 ΒΑξΙΛΙξΣΑΝ
985 844 1267 890 ΠΟΛΕΜΟΚΡΑΤΕΙΑΝ

815 948 895 992 Tota
916 945 1034 992 ΕΑΥΤΟΥ
1055 947 1164 992 ΓΟΝΕΙΣ

853 1050 944 1095 ΘΕΟῙΣ
966 1050 1125 1094 ΠΑΤΡΩῙΟῙξ

324 1200 414 1262 Unde
437 1221 504 1263 cum
527 1202 673 1262 efficiatur
694 1203 815 1280 reginae
835 1191 1075 1263 Polemocratiae
1096 1199 1237 1262 maritum
1261 1218 1371 1260 nomen
1397 1199 1540 1260 habuisse
1562 1197 1660 1262 Sada-

323 1305 395 1378 lam,
418 1324 472 1364 nec
494 1313 572 1364 recte
588 1305 711 1381 cogitari
733 1306 831 1383 possit
852 1306 889 1364 de
904 1304 1021 1364 duabus
1043 1305 1154 1383 reginis
1172 1303 1306 1364 eiusdem
1327 1303 1457 1362 nominis
1478 1304 1661 1381 praesertim

324 1407 353 1464 in
376 1417 459 1466 tauta
473 1407 610 1467 vocabuli
632 1409 765 1480 raritate,
787 1418 913 1486 apparet
928 1406 1071 1469 Sadalam
1085 1406 1326 1466 Polemocratiae
1348 1407 1486 1465 maritum
1507 1423 1568 1464 nou
1592 1406 1660 1464 siue

323 1510 428 1569 liberis
452 1510 618 1568 decessisse
640 1529 693 1568 nec
715 1529 837 1588 regnum
853 1509 1000 1569 Romanis
1021 1509 1183 1589 legavisse,
1208 1508 1260 1568 sed
1283 1509 1395 1568 obiisse
1416 1507 1522 1568 relicto
1543 1507 1661 1566 infante

323 1612 386 1670 filio
401 1611 451 1670 vel
472 1613 583 1688 potius,
606 1623 638 1670 ut
659 1613 739 1670 infra
752 1611 928 1685 videbimus,
950 1613 1031 1686 filiis,
1054 1631 1108 1672 uec
1130 1609 1304 1671 hereditatis
1318 1612 1447 1682 nomine,
1470 1609 1523 1668 sed
1544 1609 1661 1669 tutelae

324 1713 451 1772 Brutum
473 1733 597 1792 regnum
619 1715 822 1793 occupavisse.
866 1715 1011 1774 Iuventus
1034 1725 1081 1774 est
1102 1714 1207 1774 titulus
1227 1715 1259 1773 in
1281 1713 1393 1791 oppido
1415 1712 1563 1772 Thraciae
1578 1711 1660 1770 Visa

323 1815 423 1888 hodie,
446 1816 518 1875 olim
540 1817 634 1894 Bizye
657 1818 715 1876 sito
736 1818 767 1875 iu
789 1817 1018 1878 mediterraneis
1041 1835 1134 1895 supra
1156 1815 1391 1894 Salmydeesum.
1424 1815 1472 1874 Es
1491 1814 1565 1874 urbe
1589 1833 1660 1874 cnm

324 1916 404 1996 apud
426 1919 587 1998 scriptores
611 1917 747 1979 Graecos
768 1921 852 1997 regie
872 1919 986 1979 feratur
1007 1919 1151 1978 Asterum
1173 1918 1323 1979 Thraciae
1343 1917 1451 1997 gentis,
1473 1917 1553 1994 apud
1573 1915 1660 1976 Lati-

323 2037 378 2078 nos
400 2039 503 2098 regum
520 2020 673 2081 Thracum
687 2022 725 2099 ¹),
749 2022 906 2082 universae
921 2021 1070 2082 Thraciae
1092 2039 1178 2100 reges
1201 2038 1255 2082 eos
1277 2021 1436 2099 dequibus
1454 2037 1510 2079 noa
1535 2019 1658 2096 agimus

323 2121 363 2180 ibi
397 2123 586 2199 potissimum
613 2123 714 2184 eedem
746 2125 886 2184 hahuisse
917 2123 1023 2185 titulus
1058 2143 1150 2202 supra
1180 2124 1351 2202 propositus
1383 2123 1554 2192 confirmat3
1587 2141 1660 2181 nam

322 2222 419 2302 Cotys
440 2244 496 2285 rsx
518 2227 569 2285 ubi
590 2227 763 2303 parentibus
778 2227 949 2287 memoriam
970 2228 1116 2306 posuerit,
1136 2227 1179 2286 ibi
1202 2244 1269 2287 eum
1289 2225 1475 2287 habitavisse
1496 2233 1659 2286 consenta-

322 2345 411 2386 neum
434 2337 489 2388 est.

405 2428 466 2488 Per
481 2430 560 2489 bella
575 2430 676 2490 civilia
690 2431 895 2492 Romanorum
917 2441 1003 2512 gesta
1024 2452 1043 2491 a
1057 2441 1153 2491 morte
1168 2429 1310 2492 Caesaris
1332 2430 1487 2491 dictatoris
1509 2429 1549 2490 ad
1570 2449 1661 2509 proe-

270 2533 274 2546 '
322 2531 394 2591 lium
416 2550 512 2609 usque
534 2533 692 2592 Actiacum
714 2535 768 2612 qui
789 2542 1060 2595 commemorantur
1082 2534 1222 2594 Thracici
1243 2553 1345 2614 reges,
1369 2552 1493 2594 numero
1514 2541 1661 2611 quattuor

322 2641 392 2692 suut
412 2634 630 2713 Rhescuporis,
651 2636 806 2712 Rhoecus,
830 2635 957 2710 Sedala,
978 2637 1216 2697 Rhoemetalces.
1259 2635 1309 2696 Ex
1331 2637 1379 2697 his
1400 2636 1606 2715 Rhescuporis
1628 2644 1661 2695 et

322 2735 461 2795 Rhasoue
488 2738 595 2796 fratres
622 2738 720 2815 reguli
746 2739 868 2799 luerunt
895 2738 1080 2817 Sapaeorum
1108 2740 1206 2819 gentis
1231 2739 1263 2798 iu
1292 2738 1429 2798 confiniis
1451 2739 1601 2798 Thraciae
1628 2748 1661 2797 et

323 2837 517 2899 Macedoniae
539 2837 774 2920 constitutae2),
795 2861 922 2920 quorum
944 2843 995 2901 ille
1017 2851 1047 2902 et
1068 2850 1157 2902 autea
1174 2842 1353 2921 Pompeium
1375 2851 1480 2901 contra
1495 2839 1658 2902 Caesarem

321 2940 515 3017 adiuverat³)
547 2951 578 3001 et
605 2943 732 3003 Brutum
760 2945 875 3004 adiuvit
900 2944 1007 3004 Bessis
1031 2944 1142 3004 bellum
1169 2945 1346 3004 inferentem
1356 2944 1398 3021 ⁴).
1441 2943 1529 3003 Bello
1555 2951 1658 3002 autem

320 3041 511 3121 Philippensi
531 3045 737 3123 Rhescuporis
759 3044 859 3106 Cassii
881 3055 982 3124 partes
1006 3057 1137 3121 secutus,
1170 3047 1309 3107 Rhascus
1333 3047 1458 3106 Antonii
1479 3063 1553 3105 suas
1575 3053 1659 3106 nter-

322 3162 379 3221 que
394 3147 473 3223 parti
488 3147 685 3208 fortissimam
700 3167 822 3226 operam
838 3146 1016 3225 navavit⁵);
1036 3167 1097 3226 quo
1113 3168 1168 3210 suo
1184 3149 1289 3210 merito
1300 3149 1440 3210 Rhoecus
1451 3129 1658 3209 devicto'cas-

325 3375 530 3386 n—ffl—

356 3607 357 3610 ,
398 3557 422 3623 ¹)
447 3561 533 3614 Strab.
549 3565 564 3612 7
582 3561 614 3612 fr.
629 3564 679 3613 4οτ
701 3557 800 3614 ’seete
821 3557 848 3612 ll
867 3557 1003 3627 βασίλειον
1020 3550 1048 3628 ἦν
1064 3553 1153 3629 Βιζιῖη.
1184 3563 1275 3629 steph.
1294 3562 1370 3628 Byaz
1389 3551 1468 3630 Βιζιῖη
1486 3550 1564 3621 uo'htt
1583 3553 1661 3633 Θρᾴ-

320 3668 362 3714 κης
380 3641 410 3701 τὲ
427 3651 473 3702 τῶν
490 3646 587 3704 'As-eds
601 3649 734 3715 βασίλειον
770 3655 879 3718 Plini,
895 3659 938 3719 11,
954 3658 987 3707 ct
1009 3656 1052 3719 (cf.
1067 3656 1151 3709 Solin.
1167 3658 1209 3718 10,
1226 3654 1284 3718 1s)=
1304 3653 1384 3722 Bizye
1402 3673 1451 3707 ara
1468 3673 1553 3724 repam
1572 3655 1657 3708 Thra·

321 3745 384 3806 ciue,
406 3762 423 3794 a
440 3744 514 3796 Terei
531 3745 628 3810 nefasto
647 3748 731 3797 inveho
749 3745 934 3799 hirundinibus.
963 3749 1045 3799 Aetas
1063 3749 1215 3799 habitabant
1232 3749 1261 3799 in
1280 3749 1475 3800 mediterraneis
1494 3764 1511 3799 a
1528 3749 1658 3801 Perintho

321 3840 354 3887 ad
374 3839 544 3902 Apolloniam
563 3839 684 3900 (Ptolem.
699 3841 724 3903 3,
742 3843 765 3903 1,
783 3843 824 3902 10,
846 3842 878 3891 ef.
896 3843 953 3892 Lis.
972 3841 1015 3903 30,
1035 3843 1089 3904 40).
1127 3841 1200 3892 Inter
1217 3841 1306 3891 titulos
1326 3857 1434 3907 quorum
1453 3841 1657 3894 Mordtmauuus

320 3930 384 3979 mihi
403 3933 505 3996 copiam
524 3932 585 3982 feeit
604 3932 646 3982 hic
666 3939 705 3983 est
723 3941 845 4000 exceptus
864 3936 891 3984 in
911 3934 1007 4000 oppido
1026 3934 1155 3986 'Pschorld
1172 3949 1254 4000 prope
1273 3933 1391 3985 Perinthi
1409 3936 1504 3986 rudera
1523 3935 1568 3996 (ef.
1584 3935 1615 3986 C.
1633 3937 1657 3985 Ι.

322 4021 369 4073 Gr.
388 4039 415 4073 n.
432 4023 528 4084 2023):

813 4113 1176 4159 ΜΕΡΙΟξῙῦΥΛΙΟΣῙΟΥΛΔΟΣ

813 4215 1173 4261 ΣΤΡΑΤΗΓΟΣΑΣΤΙΚΗΣΠΕΡΙ

814 4318 1214 4364 nerineoncrxartatrrrtort

320 4438 347 4490 ld
362 4447 412 4545 ‘eat
435 4435 581 4514 [Τιβέριος
600 4429 736 4506 ‘1[o]dane
761 4439 930 4508 [Τ]οῢλ[λ]ος
949 4444 981 4508 (i)
1008 4433 1146 4513 cepnrnydc
1169 4435 1288 4508 ’Δστικῆς
1312 4441 1367 4512 aspi
1392 4439 1523 4512 Πέρινθον
1546 4435 1655 4515 εὔχαρι-

385 4548 431 4581 lov.

321 4548 382 4599 m?
396 4622 421 4688 ²)
443 4626 515 4676 llaec
533 4627 608 4691 plene
628 4627 810 4693 intelleguntur
828 4645 860 4679 ex
880 4635 1001 4680 accurata
1019 4631 1168 4680 narratione
1187 4630 1301 4694 Appiani
1320 4629 1345 4678 b.
1365 4645 1387 4678 e.
1400 4629 1426 4692 4,
1442 4629 1485 4679 07.

396 4713 421 4781 ³)
447 4718 521 4768 Caes.
535 4719 560 4768 b.
580 4735 601 4768 c.
618 4720 643 4781 3,
659 4722 689 4770 t:
717 4735 748 4770 ee
761 4718 916 4772 Macedonia
938 4718 984 4771 00
999 4729 1079 4783 erunt,
1100 4719 1189 4788 quidese
1203 4719 1368 4788 Rduacipols'a
1382 4727 1506 4789 procem
1523 4719 1659 4771 excellenti

320 4810 420 4860 uirtute.
457 4811 555 4861 Lucan.
570 4811 595 4872 5,
611 4811 660 4862 55:
685 4811 786 4878 pelidae
808 4812 921 4863 dominus
939 4811 1104 4882 Rhosoipolis
1128 4829 1196 4864 orae.
1235 4813 1329 4879 Sapaei
1354 4829 1412 4863 cum
1435 4815 1496 4878 iuga
1515 4812 1657 4878 Rhodopes

321 4910 456 4968 occupent,
477 4904 569 4968 quibus
588 4904 744 4955 Macedonia
762 4914 789 4956 et
807 4906 921 4957 Thracia
938 4913 1102 4972 separantur,
1128 4908 1185 4972 pari
1203 4907 1258 4956 fere
1276 4907 1332 4956 iure
1351 4907 1452 4973 utrique
1470 4915 1557 4958 terrae
1576 4907 1657 4957 tribui

321 5001 467 5059 potuerunt.
507 4994 600 5047 Gelidc
619 5014 666 5048 ora
684 5006 723 5049 eat
741 4999 801 5048 litus
820 4999 852 5050 ab
872 4999 980 5051 Abdera
1000 5000 1035 5051 ad
1053 5001 1120 5052 ostia
1139 4999 1211 5050 fluvii
1230 4999 1314 5051 Nesti.

397 5085 422 5150 ⁴)
447 5088 501 5138 Dio
520 5091 564 5152 47,
586 5091 629 5140 05.
724 5087 726 5090 ’

398 5178 422 5242 ⁵)
447 5183 585 5246 Appianas
603 5183 628 5233 b.
648 5199 669 5233 c.
684 5185 710 5244 4,
725 5185 768 5234 87.
785 5183 845 5234 103.
861 5186 921 5235 104.
938 5186 999 5234 129.
