3540 5828
334 486 407 556 134
766 505 1074 584 anuruauuuuvn
1091 506 1176 558 von.
1196 507 1226 558 11

330 680 377 737 cia
397 679 564 738 ordinanda
584 687 718 738 sanctum
740 697 818 752 esse,
842 681 951 758 quibus
973 680 1010 739 de
1032 681 1131 740 causis
1153 681 1183 739 iu
1205 688 1310 739 senatu
1332 680 1503 756 quiessent
1520 696 1664 738 scensa-

330 781 413 840 ribus
439 780 657 858 eicerentur¹),
688 783 727 841 ad
756 783 923 842 censoriam
950 783 987 840 de
1015 784 1203 842 senatoribus
1230 784 1379 841 notionem
1408 799 1586 859 expressum
1617 790 1665 838 est

330 891 360 942 et
386 884 424 942 ab
451 885 562 960 iudicio
588 885 709 962 publico
736 886 859 945 huiusce
886 886 963 970 legis
986 886 1147 970 diversum.
1191 883 1309 958 Quibus
1331 884 1368 942 de
1389 886 1490 943 causis
1511 883 1663 944 eiusmodi

329 987 481 1046 accusatio
502 987 566 1046 ficri
588 989 733 1065 potuerit,
759 987 894 1064 exlegis
916 987 1051 1063 reliquiis
1073 1007 1133 1046 non
1156 995 1290 1065 apparet,
1312 987 1424 1064 quippe
1445 1004 1521 1062 quae
1542 994 1665 1064 praeter

329 1099 420 1166 caput
444 1089 519 1147 illud
543 1089 680 1166 generale
708 1109 767 1148 uon
794 1091 923 1149 habeant
947 1091 1008 1148 uisi
1035 1090 1093 1148 duo
1121 1091 1181 1149 alia
1202 1088 1336 1149 CXXIII
1363 1090 1399 1148 de
1421 1089 1611 1148 absolutione
1634 1093 1665 1146 et

330 1189 467 1249 CXXIV
489 1191 525 1250 de
547 1192 689 1269 praemiis
711 1199 918 1250 accusatorum
940 1193 970 1250 iu
992 1192 1103 1251 iudicio
1126 1192 1162 1249 de
1181 1192 1367 1268 indignitate.
1405 1189 1545 1268 Cupitum
1561 1199 1663 1248 autem

330 1293 404 1351 ordo
431 1293 488 1352 etsi
516 1295 618 1353 multis
645 1294 721 1352 locis
748 1295 778 1352 in
805 1294 861 1352 bac
888 1293 954 1372 lege
976 1312 1048 1353 casu
1069 1295 1165 1370 magis
1187 1314 1276 1370 quam
1299 1293 1424 1353 consilio
1445 1292 1570 1352 effectus
1593 1310 1664 1351 esse

330 1395 460 1469 videtur,
486 1396 561 1454 haec
582 1416 598 1454 e
620 1398 769 1454 contrario
791 1397 833 1455 ita
854 1406 1029 1472 comparata
1049 1414 1117 1456 esse
1138 1397 1288 1468 invenies,
1311 1396 1440 1454 maxime
1462 1394 1575 1454 collata
1596 1394 1664 1470 lege

328 1499 570 1576 repetundarum,
593 1499 642 1557 ubi
665 1499 802 1558 similiter
824 1498 923 1574 agitur
945 1498 981 1557 dc
1002 1499 1259 1584 reoabsolveudo
1282 1517 1308 1556 v.
1327 1499 1376 1558 54.
1392 1498 1442 1569 55,
1464 1498 1501 1557 de
1517 1497 1664 1575 praemiis

328 1610 536 1661 accusatorum
563 1602 595 1659 iu
623 1609 759 1660 extrema
784 1601 850 1680 lege
876 1621 904 1659 v.
925 1602 1033 1678 Ibsq.‚
1062 1611 1096 1660 ut
1121 1600 1262 1660 iudicium
1289 1602 1326 1659 de
1351 1599 1526 1677 indignitate
1556 1599 1665 1658 ordine

328 1703 498 1779 expositum
520 1703 615 1763 fuisse
637 1704 773 1763 videatur
794 1724 813 1762 a
834 1721 859 1761 c.
876 1700 932 1762 CV
947 1702 985 1761 ad
1004 1701 1152 1775 CXXIV,
1174 1705 1301 1781 primum
1324 1721 1427 1762 eorum
1448 1713 1664 1780 postremaque

329 1804 388 1863 duo
411 1823 585 1882 superesse,
606 1805 705 1866 media
725 1803 912 1881 intercidisse
934 1814 964 1863 et
985 1806 1016 1864 in
1037 1806 1085 1864 his
1107 1824 1266 1866 causarum
1287 1805 1474 1882 indignitatis
1496 1804 1664 1864 enarratio·

328 1927 405 1966 nem.
450 1906 539 1982 Quod
567 1909 594 1967 si
620 1908 663 1966 ita
688 1918 749 1980 est,
773 1905 853 1986 'quae
875 1915 1037 1986 supersunt
1059 1909 1156 1984 prIma
1176 1909 1268 1968 verba
1289 1925 1313 1966 c.
1331 1906 1400 1966 CVI
1422 1926 1490 1966 cum
1511 1913 1606 1984 agant
1627 1906 1664 1964 de

328 2011 436 2068 colono
458 2011 511 2087 qui
533 2020 650 2069 coetum
673 2019 853 2070 conventum
874 2011 1111 2070 coniurationem
1131 2011 1235 2070 fecerit
1256 2011 1380 2086 (quibus
1400 1989 1498 2068 uerbis
1520 2009 1665 2068 maiesta-

328 2114 368 2171 tis
390 2114 503 2172 crimen
520 2113 638 2172 videtur
659 2112 836 2190 significari)
847 2111 888 2189 ²),
910 2113 1038 2172 fortasse
1059 2113 1091 2171 id
1112 2113 1211 2190 ipsum
1233 2112 1446 2172 numerabatur
1460 2112 1539 2170 inter
1553 2129 1664 2170 causas

327 2215 524 2291 indignitatis.
546 2249 584 2260 —
613 2213 750 2275 Ceterum
778 2215 859 2291 quod
886 2215 937 2274 lex
965 2215 1132 2274 wcusatori
1159 2215 1317 2293 permittit,
1345 2215 1370 2274 si
1392 2216 1458 2292 ipse
1479 2213 1602 2273 decurio
1624 2214 1666 2271 sit

328 2318 485 2394 locumque
511 2319 542 2377 iu
570 2317 674 2377 ordine
699 2317 871 2376 inferiorem
900 2336 989 2394 quarn
1018 2317 1046 2376 is
1072 2336 1161 2394 quem
1182 2327 1303 2376 accusat
1328 2324 1443 2390 teneat,
1470 2318 1501 2376 in
1522 2315 1664 2375 condem·

328 2421 391 2480 nati
412 2421 511 2479 locum
533 2428 566 2479 ut
586 2420 742 2492 succedat,
769 2438 945 2496 expressum
972 2430 1019 2478 est
1044 2440 1082 2478 ex
1104 2419 1219 2496 legibus
1240 2420 1401 2491 Romanis,
1428 2437 1554 2495 quarum
1575 2437 1665 2495 prae·

328 2524 397 2582 miis
419 2531 609 2582 accusatores
628 2526 805 2599 praetoriam
827 2501 992 2581 lententianr
1014 2533 1039 2581 et
1057 2533 1235 2598 praetentans
1255 2523 1349 2599 tapam
1367 2523 1510 2598 consequi
1523 2523 1665 2599 potuisse

329 2621 475 2701 Cicerb³)
497 2632 634 2685 testatur.

190 2735 316 2786 Deouno-
413 2727 463 2786 Ex
490 2728 557 2804 ipso
579 2727 683 2786 hurum
706 2727 875 2787 tabularum
897 2727 1045 2806 principio
1067 2727 1245 2805 perspicitur
1266 2727 1455 2786 decurionem
1478 2726 1664 2785 domicilium

200 2811 307 2934 2⁸¹2&
330 2829 439 2888 habere
461 2830 634 2906 oportuisse
654 2831 685 2888 iu
707 2830 818 2907 oppido
841 2831 1003 2907 propiusue
1023 2830 1055 2888 id
1076 2831 1219 2907 oppidum
1242 2849 1270 2906 p.
1287 2831 1328 2901 tt,
1350 2829 1448 2906 utqui
1463 2847 1522 2888 nou
1539 2829 1666 2887 baberet

200 2899 308 3008 uldini·
328 2933 414 2991 aunis
428 2931 457 2992 V
471 2933 618 3008 proximis
640 2940 799 3010 postquam
823 2933 944 2991 decurio
965 2932 1063 2992 factus
1085 2943 1149 3005 est,
1171 2933 1235 2992 eius
1257 2952 1365 2992 nomen
1387 2933 1424 2992 de
1447 2931 1665 2990 decurionibus

222 3032 286 3082 lium
329 3035 520 3096 eximendum
546 3053 650 3093 curare
671 3033 762 3093 IIviri
789 3035 969 3093 iuberentur.
1015 3033 1168 3113 Oppidum
1193 3042 1296 3094 notum
1318 3043 1366 3094 est
1386 3034 1424 3093 ab
1448 3034 1519 3092 urbe
1542 3034 1586 3092 ita
1608 3033 1666 3092 dif-

329 3137 423 3210 ferre,
446 3148 478 3197 ut
499 3156 519 3196 a
539 3137 727 3197 senatoribus
749 3137 891 3196 differunt
911 3138 1102 3209 decuriones3
1130 3137 1315 3216 significatur
1336 3139 1378 3196 ita
1398 3137 1482 3196 locus
1504 3136 1665 3194 moenibus

330 3239 531 3316 conclusus⁴)
553 3240 698 3299 vocabulo
724 3239 823 3298 miuus
850 3239 1013 3299 honorifico
1040 3249 1070 3298 et
1095 3250 1254 3318 propterea
1274 3243 1305 3299 iu
1327 3240 1454 3299 coloniis
1476 3238 1667 3316 municipiis·

203 3345 301 3411 Pignus
329 3361 388 3418 que
405 3341 553 3402 sollemni.
591 3339 765 3410 Clausulam
786 3342 871 3400 illam
894 3361 930 3400 eo
951 3343 1082 3416 tendere,
1103 3351 1137 3401 ut
1156 3343 1277 3402 decurio
1299 3343 1330 3402 in
1353 3343 1465 3402 curiam
1487 3347 1614 3399 uocatus
1637 3341 1666 3398 si

194 3426 304 3543 5³33ss
329 3445 373 3503 ire
395 3444 496 3516 nollet,
519 3451 656 3522 prompte
678 3445 746 3522 cogi
767 3454 871 3520 posset
892 3444 1025 3504 aIIriro
1048 3445 1174 3522 pignore
1195 3454 1284 3523 capto
1304 3446 1356 3503 lex
1379 3445 1543 3522 significan
1566 3461 1666 3520 neque

217 3568 290 3618 riona
328 3547 464 3625 ignotum
490 3557 538 3606 est
563 3547 712 3606 eiusmodi
738 3547 785 3606 ius
810 3548 1006 3625 magistratus
1033 3546 1176 3606 adversus
1204 3553 1372 3606 senatorem
1393 3547 1611 3624 infrequentem
1624 3545 1666 3622 ⁵).

404 3909 428 3973 ¹)
458 3911 559 3961 Plinius
578 3925 619 3976 ep.
638 3911 672 3962 nd
691 3911 762 3962 Trai.
780 3911 918 3962 114.115.
1420 3945 1425 3965 t

405 4000 430 4065 ²)
458 4002 498 4053 cf.
518 4003 580 4066 Dig.
599 4002 786 4066 48,4‚1,1:
810 4003 951 4053 maiestatis
974 4003 1065 4054 minen
1086 4038 1110 4053 ..
1130 4011 1168 4053 est
1249 4018 1297 4069 quo
1316 4009 1400 4053 caetus
1418 4007 1582 4052 concertasse
1595 4003 1666 4068 fiat3

327 4095 345 4145 I.
360 4097 390 4145 4:
410 4095 529 4161 cuiusque
548 4083 607 4144 dolo
625 4094 692 4145 malo
711 4094 820 4145 iurando
840 4097 897 4162 quis
915 4094 1022 4145 aductus
1040 4101 1083 4156 est,
1105 4111 1152 4161 quo
1172 4093 1294 4144 adamus
1311 4110 1363 4144 reru
1377 4092 1505 4161 publicam
1518 4093 1618 4159 saciat.

349 4189 354 4200 '
406 4184 431 4249 ³)
459 4187 512 4237 Pro
531 4187 614 4237 Balbo
634 4187 684 4249 25,
705 4186 748 4237 st.
785 4187 850 4238 Dixi
874 4189 906 4238 ds
931 4189 985 4239 eius
1005 4189 1075 4238 modi
1094 4189 1215 4253 praemiis
1234 4189 1268 4238 ud
1286 4188 1350 4252 legis
1369 4187 1568 4252 repetundarum
1589 4203 1614 4237 v.
1630 4187 1665 4238 tr

330 4278 565 4344 Cbhlpw
711 4275 713 4284 ’

406 4368 431 4432 ⁴)
460 4373 546 4422 Varro
566 4373 596 4435 5,
619 4375 685 4424 141:
709 4388 810 4423 naeuus
834 4390 881 4440 quo
904 4370 1053 4440 suspiciant
1076 4370 1202 4439 oppidum.
1240 4372 1293 4423 Pro
1313 4387 1344 4422 eo
1364 4372 1434 4438 qnod
1453 4379 1492 4422 est
1509 4372 1537 4422 iu
1556 4386 1618 4422 aere
1639 4373 1667 4423 in

329 4479 360 4514 eu
382 4462 430 4513 col.
450 4462 544 4531 oppido
567 4473 637 4516 recte
661 4467 754 4531 opinor
772 4465 903 4530 Berlanga
926 4464 1072 4515 emendavit
1095 4465 1122 4513 in
1146 4466 1199 4514 aas
1217 4463 1352 4527 col(oniae)
1371 4462 1478 4532 oppida,
1504 4467 1667 4516 nemetiam

329 4557 362 4619 3,
377 4553 411 4606 37
433 4563 471 4606 est
495 4573 558 4622 quae
582 4573 663 4624 aquae
680 4559 708 4608 in
727 4557 820 4625 oppido
841 4556 975 4619 colan(iae)
997 4554 1151 4619 Gen(etinae)
1171 4554 1335 4608 adducentur.
1372 4558 1455 4608 Plane
1473 4556 1558 4606 simile
1577 4565 1667 4608 tamen

329 4649 454 4698 eiusmodi
477 4649 616 4700 locutionis
640 4651 786 4715 exemplum
813 4650 875 4699 alibi
898 4665 952 4701 non
975 4651 1090 4715 repperi,
1119 4650 1180 4700 licet
1203 4664 1270 4715 quae
1295 4650 1328 4698 de
1354 4649 1450 4715 oppido
1475 4647 1665 4700 Britannorum

330 4739 426 4791 Caesar
445 4741 469 4790 b.
484 4741 553 4794 Gall.
568 4741 594 4804 b,
609 4745 642 4792 21
663 4743 749 4805 babet,
771 4742 963 4808 quodammodo
983 4743 1060 4791 etiam
1080 4742 1198 4793 coloniae
1217 4742 1314 4807 oppido
1333 4741 1535 4807 patrocinentur.

405 4831 429 4894 ⁵)
458 4833 498 4884 CI.
517 4835 574 4884 Liv.
589 4835 619 4896 3,
635 4835 684 4884 ³8:
700 4841 804 4902 patrum
822 4832 893 4884 baad
902 4834 962 4899 sere
981 4835 1111 4900 quisquam
1129 4835 1157 4883 in
1167 4833 1244 4899 soro,
1265 4835 1293 4883 in
1311 4831 1372 4884 urbe
1390 4835 1448 4884 rari
1465 4841 1554 4883 mant.-
1578 4833 1666 4902 indiq-

328 4925 407 4974 nitate
424 4940 507 4976 rerunt
526 4933 654 4976 cesserunt
671 4927 699 4976 iu
717 4943 795 4992 apros
888 4933 1023 4992 postquam
1041 4927 1116 4976 citati
1132 4943 1181 4976 non
1200 4924 1389 4990 conveniebant,
1410 4924 1511 4977 dminus·
1527 4927 1601 4977 circa
1621 4925 1668 4978 do·

327 5032 381 5066 mos
404 5019 566 5084 apparitores
589 5018 663 5068 anat
686 5017 722 5068 ad
738 5019 853 5086 pipnoru
871 5017 997 5086 capienda
1014 5017 1252 5086 muniandamque,
1279 5035 1337 5069 aum
1357 5019 1469 5070 consulto
1488 5017 1668 5074 detrectarent.

328 5108 440 5174 rqr‘eruat
463 5117 573 5160 senatum
597 5112 625 5160 in
650 5112 722 5177 apris
744 5127 805 5162 esse.
847 5111 889 5162 De
912 5112 992 5162 multa
1016 5112 1129 5162 senatori
1153 5119 1260 5177 propter
1282 5111 1481 5177 infrequentiam
1505 5113 1670 5178 iniungenda

330 5202 452 5252 dixerunt
469 5201 570 5254 Becker
589 5210 616 5254 et
633 5203 787 5270 Msrquardt
805 5204 903 5255 euobir.
918 5205 942 5266 2,
959 5205 984 5267 2,
998 5205 1062 5256 406.
1082 5206 1108 5267 2,
1123 5204 1149 5268 3,
1164 5203 1226 5254 225.
