3510 5820
321 478 368 549 22
912 495 1051 547 rimant
1156 555 1157 558 Ἴ

317 681 430 733 certum
457 681 504 732 est
528 670 668 730 indicium
696 671 744 729 bic
770 680 868 730 tamen
895 688 956 728 non
977 687 1050 729 casu
1072 670 1182 728 sactum
1205 688 1273 730 esse
1294 669 1422 728 videtur.
1467 670 1562 730 Deest
1584 672 1667 746 qui-¹

318 777 384 834 dem
406 775 438 833 in
460 773 524 834 cod.
547 772 644 832 Palat.
667 773 712 831 tit.
728 772 864 845 XXVII,
887 771 939 832 sed
961 791 1028 830 oum
1051 771 1088 830 de
1110 773 1158 830 his
1180 773 1370 848 potissimum
1393 773 1567 850 accipienda
1589 773 1652 832 sint

319 877 411 936 verba
429 873 482 936 ‘ad
503 875 648 935 circulare
669 893 869 934 marmoreum
891 869 1022 951 epistile’
1045 907 1083 918 -
1110 873 1140 931 id
1162 874 1243 950 quod
1266 876 1450 935 demonstrat
1472 876 1650 934 circulorum

319 980 480 1050 delineatio
502 978 618 1038 adiecta
639 1011 680 1021 —
701 978 846 1036 omissum
867 994 937 1036 esse
959 985 1042 1052 patet
1062 994 1144 1035 mero
1166 996 1276 1035 errore.
1316 976 1421 1036 Titulo
1437 977 1544 1036 XXVI
1566 997 1652 1054 prae·

319 1082 398 1142 cedit
418 1083 450 1140 in
471 1080 536 1142 cod.
558 1080 625 1140 Pal.
647 1081 757 1140 lemma
775 1077 871 1138 ‘aliud
893 1073 1093 1156 epigramma‘
1129 1066 1274 1156 Epistylii
1297 1095 1365 1138 esse
1380 1079 1497 1139 titulum
1514 1079 1651 1152 XXVII,

320 1186 383 1244 veri
406 1183 591 1243 simillimum
613 1191 674 1255 est3
697 1183 754 1241 hoc
779 1191 879 1241 tamen
900 1182 1079 1252 notandum,
1107 1181 1143 1239 de
1165 1181 1339 1258 Aesculapii
1367 1190 1397 1239 et
1417 1181 1535 1240 DIanae
1557 1182 1654 1242 Ther·

319 1287 398 1346 miae
419 1286 531 1364 templo
554 1285 754 1344 coniecturam
776 1283 861 1343 illum
882 1285 1020 1362 quisquis
1042 1291 1088 1342 est
1110 1283 1218 1342 fecisse
1240 1303 1279 1342 ex
1300 1284 1374 1360 ipsis
1390 1284 1545 1343 titulorum
1559 1284 1653 1343 XXV

322 1399 351 1450 ct
373 1387 483 1448 XXVI
507 1388 605 1448 verbis
627 1388 781 1458 haustam,
809 1404 933 1462 eamque
955 1386 1160 1445 salsIssimam.
1203 1386 1300 1446 Immo
1323 1382 1464 1464 templi¹)
1486 1389 1654 1446 consecrati

321 1491 412 1550 index
433 1491 575 1568 epistylio
596 1489 766 1565 insculptus
787 1497 834 1547 cst
851 1478 1062 1571 Αὐτοκράτορος
1083 1477 1144 1544 Sia
1169 1529 1259 1546 .....
1281 1478 1328 1546 καὶ
1341 1479 1522 1549 ’Ariminus
1536 1481 1655 1570 Θερμῖω,

323 1594 401 1653 sicut
426 1593 458 1652 in
479 1591 600 1670 Mylasii
627 1591 730 1668 templi
756 1591 894 1668 epistylio
922 1590 1067 1667 scriptum
1093 1590 1151 1676 fuit
1172 1580 1362 1672 Αὐτοκράτορι
1386 1581 1505 1674 Καίσαρι
1533 1597 1589 1651 cet.
1613 1625 1655 1634 -

322 1686 370 1754 uui
390 1691 455 1768 θεᾷ
473 1683 580 1771 Ῥώμῃ,
602 1712 661 1770 quo
684 1693 824 1770 exemplo
846 1693 936 1752 simul
957 1691 1099 1752 Caesaris
1121 1711 1230 1751 nomen
1251 1692 1299 1750 dei
1322 1695 1435 1752 nomini
1454 1695 1655 1770 praemissum

323 1806 494 1859 excusatur.
537 1795 637 1864 Doleo
663 1797 743 1872 quod
765 1796 916 1855 nescimus
938 1813 1095 1872 quemnam
1116 1795 1331 1873 imperatorum
1353 1795 1490 1871 Apollini
1511 1795 1655 1856 Thermio

323 1901 573 1979 Mytilenaeorum
600 1898 696 1976 pietas
723 1898 954 1970 consociarerit3
981 1888 1101 1979 Ν[ἔρουα
1123 1887 1251 1982 Τραιάνω
1274 1905 1408 1957 secutum
1430 1915 1496 1956 esse
1518 1897 1655 1957 Henneni

325 2011 372 2064 est
393 2002 572 2062 coniectura.
609 1998 700 2060 Certo
722 2000 761 2059 ad
782 2000 865 2078 ipsas
880 2000 1029 2059 Thermas
1051 2001 1180 2076 pertinet
1201 2000 1305 2059 titulus
1321 2000 1439 2072 XXVI,
1460 2019 1519 2077 quo
1541 2001 1609 2059 fons
1625 2011 1657 2059 et

325 2104 528 2183 aquaeductus
542 2103 661 2163 Dianae
676 2103 837 2162 Thermiae
859 2103 984 2175 dicatur,
1002 2101 1164 2162 Cenchreis
1179 2101 1292 2162 Lesbia
1313 2104 1444 2178 quadam
1466 2103 1503 2160 ab
1525 2103 1599 2162 urbe
1614 2137 1657 2146 -

326 2206 457 2267 eiusdem
478 2199 607 2265 nominis
629 2205 771 2282 oppidum
794 2207 825 2263 in
847 2204 966 2264 Troade
987 2205 1083 2264 fuisse
1105 2205 1229 2264 adnotat
1243 2205 1366 2263 Boeckh
1389 2206 1439 2282 qui
1462 2205 1556 2264 edidit
1578 2203 1612 2264 0.
1629 2206 1655 2264 I.
1719 2261 1721 2264 .

328 2308 407 2369 2172
431 2341 469 2352 -
492 2309 530 2366 ad
544 2307 709 2386 Mytilenen
732 2324 828 2383 usque
849 2307 1016 2384 perductus.
1034 2307 1213 2384 „Dedicator
1226 2307 1316 2366 Ditas
1338 2308 1460 2384 quidam
1482 2307 1578 2366 fuisse
1593 2327 1657 2367 cre·

326 2413 418 2482 ditur,
446 2412 535 2471 homo
562 2410 651 2487 plane
677 2417 885 2486 portentosas,
912 2429 967 2468 nec
992 2408 1087 2487 patris
1115 2429 1169 2468 nec
1195 2410 1310 2486 patriae
1332 2411 1450 2468 nomine
1472 2409 1573 2469 addito
1595 2429 1657 2470 uno

303 2515 447 2594 vnornine
480 2531 575 2590 eoque
606 2513 709 2589 ignoto
738 2518 905 2571 contentus.
954 2510 1068 2571 Nescio
1096 2512 1169 2589 quid
1197 2512 1383 2588 corruptelae
1411 2513 1504 2570 lateat
1530 2519 1560 2570 et
1588 2531 1656 2572 cum

326 2619 430 2676 eadem
457 2617 548 2676 verba
570 2603 712 2696 Ἀρτέμιδι
738 2602 847 2690 εὔακέῳ
875 2605 965 2675 Δι’τας
982 2615 1082 2694 etiam
1111 2633 1204 2693 supra
1230 2615 1261 2672 in
1290 2613 1378 2672 titulo
1400 2613 1480 2672 XXI
1508 2615 1657 2691 legantur,

328 2718 524 2779 coniectando
552 2717 697 2776 abstineo.
720 2749 759 2760 -
790 2714 938 2775 Videntur
960 2719 1073 2795 scripta
1094 2717 1167 2776 baec
1188 2716 1283 2776 fuisse
1305 2735 1365 2794 quo
1387 2717 1455 2776 loco
1477 2734 1557 2794 aqua
1578 2714 1658 2776 Gen-

327 2823 424 2881 cbreis
445 2821 572 2880 deducta
592 2822 624 2879 in
646 2817 842 2878 Thermarum
865 2819 981 2878 alveum
1004 2837 1036 2878 se
1057 2818 1237 2878 effundebat.

412 2923 550 3000 Denique
572 2923 617 2983 tit.
632 2920 727 2980 XXV
741 2921 816 2980 mire
838 2930 995 2997 corruptus
1017 2920 1144 2980 traditur
1165 2921 1195 2980 in
1212 2921 1386 3000 apographo
1400 2921 1545 2996 Pariano,
1567 2922 1660 2982 inter·
1698 2908 1707 2922 ’

328 3025 448 3106 polatus
471 3027 544 3085 adeo
566 3025 598 3084 in
620 3023 685 3084 cod.
708 3022 775 3083 Pal.
797 3024 877 3083 hunc
897 3023 929 3082 in
950 3022 1086 3082 modum:

759 3202 1018 3257 nantem-tou
1035 3181 1146 3258 reeVz
1158 3229 1165 3245 ·
1179 3205 1239 3258 Διι

760 3305 907 3359 censor
923 3283 986 3358 To
1000 3332 1006 3346 ·
1019 3306 1199 3361 abrasos

759 3406 1028 3463 transmeari
1048 3387 1184 3462 ιεΡεΥΣ

759 3509 1061 3565 Διιιιιιιεῑιιοιῑ

330 3685 380 3743 ubi
402 3701 431 3744 v.
448 3682 467 3742 4
487 3691 567 3742 recte
582 3679 694 3742 Gruter
715 3699 755 3741 ex
777 3682 842 3741 cod.
858 3671 994 3747 bertilae
1015 3682 1117 3741 edidit
1159 3681 1283 3742 Boeclrh
1305 3680 1339 3743 G.
1356 3682 1381 3741 Ι.
1397 3681 1478 3742 2194
1501 3682 1662 3744 Niebuhrii

277 3847 278 3860 ¹
331 3786 505 3866 apographo
533 3785 621 3858 fisus,
654 3785 706 3861 qui
734 3775 858 3850 Λέσβιος
885 3785 963 3842 male
991 3785 1123 3864 legerat,
1151 3785 1289 3844 lacunam
1319 3785 1491 3862 descripsit:
1524 3781 1572 3843 dccl
1601 3779 1659 3854 βίω

331 3888 344 3965 [
345 3930 435 3948 .....
437 3887 450 3966 ]
472 3877 611 3959 uiaticum
633 3888 664 3946 in
687 3886 881 3947 adnotatione
902 3896 1001 3946 tamen
1015 3879 1151 3952 Λεσβίοις
1172 3887 1329 3946 lectionem
1352 3905 1425 3946 sano
1445 3888 1558 3947 iudicio
1574 3906 1663 3965 prae-

331 3991 409 4051 tulit.
449 3989 534 4049 Idem
559 3989 660 4049 versui
686 3991 782 4066 primo
807 3990 1013 4048 violentiorem
1040 3991 1186 4049 medelam
1213 3990 1363 4049 adhibuit:
1393 3980 1662 4074 παν[ηγυρια’ρχα]ς

331 4082 379 4151 καὶ
400 4081 498 4176 ἱερεύς.
540 4090 605 4151 Nec
632 4091 738 4150 mirum
765 4090 846 4168 quod
872 4091 949 4149 male
970 4091 1081 4150 andita
1101 4091 1235 4150 fraudem
1257 4093 1285 4151 ei
1305 4093 1449 4152 fecerunt.
1491 4093 1663 4170 integriora

332 4201 468 4273 praestat
489 4195 694 4280 apographum
709 4193 891 4254 Fauianum:
915 4197 1274 4267 ΟΜΑΣΚΑΙΠΑΝΙΡΕΥΣ,
1296 4213 1422 4270 quorum
1445 4197 1583 4270 quamvis
1602 4215 1662 4254 non

332 4297 473 4358 omnibus
498 4297 630 4356 numeris
655 4305 736 4355 certa
758 4297 915 4373 contigerit
936 4297 1100 4368 restitutio,
1128 4303 1227 4355 tamen
1248 4297 1328 4356 recte
1348 4297 1421 4354 mibi
1442 4297 1546 4356 videor
1566 4299 1661 4356 homi-

332 4399 381 4458 nis
403 4415 511 4458 nomen
532 4399 701 4476 agnovisse.
737 4397 870 4458 Litteras
893 4400 971 4457 enim
993 4402 1173 4456 ΑΣΚΑΙΠΑΝ
1196 4399 1227 4457 in
1250 4403 1479 4456 ΑΣΚΛΑΠΙΑΔΑ
1502 4400 1661 4458 mutandas

246 4483 247 4486 Ἴ
335 4518 441 4560 censeo
468 4501 498 4558 b.
518 4520 544 4559 e.
564 4489 809 4577 Ἀσκλ[α]ιιιᾶδα;
837 4508 906 4578 post
933 4504 952 4557 Α
980 4500 1068 4559 facile
1095 4506 1117 4558 Λ
1144 4500 1244 4559 littera
1270 4501 1444 4561 intercidere
1471 4503 1577 4578 potuit.
1621 4503 1662 4561 Et

333 4605 391 4662 boc
418 4602 535 4681 quidem
562 4605 656 4679 patris
683 4621 790 4662 nomen
817 4611 878 4674 cst,
904 4603 951 4661 cui
977 4593 1175 4680 praecedebat
1199 4603 1294 4680 ipsius
1317 4605 1479 4664 sacerdotis
1501 4623 1608 4664 nomen
1630 4604 1661 4662 in

335 4687 414 4782 sod-r]
436 4705 586 4765 desinens.
609 4705 780 4766 Memineris
801 4697 850 4762 deci
872 4695 971 4782 γένους
993 4705 1132 4782 Asclepii
1152 4706 1250 4781 fuisse
1269 4707 1469 4781 sacerdotem,
1496 4707 1587 4784 igilur
1608 4725 1662 4783 pa·

415 5009 437 5073 ¹)
466 5011 496 5064 Si
516 5011 618 5078 quidem
637 5009 687 5061 fuit
705 5010 803 5075 templi,
823 5027 877 5062 non
895 5013 1008 5078 ipsorum
1027 5011 1179 5062 balneorum
1197 5013 1305 5062 alicuius
1324 5013 1405 5076 partis
1418 5011 1576 5076 epistylium3
1596 5011 1664 5060 sicut

336 5105 364 5154 in
388 5103 463 5153 titulo
482 5103 595 5170 Ephesio
615 5103 644 5155 Ο.
662 5105 684 5155 1.
703 5105 733 5155 L.
753 5104 804 5166 ΙΙΙ,
824 5105 879 5156 424
903 5105 1076 5169 aquaeductus
1100 5105 1205 5155 Deanae
1224 5104 1352 5170 Ephesiae
1376 5111 1402 5154 et
1426 5106 1487 5169 imp.
1508 5103 1613 5154 Caesari
1637 5111 1663 5152 ct

337 5197 379 5247 Τί.
399 5195 504 5248 Caesari
523 5198 593 5262 Aug.
611 5196 630 5247 i.
650 5202 675 5247 et
694 5197 793 5248 ciuitati
810 5197 906 5262 Ephes.
926 5197 1033 5248 dicatur.
