3450 5820
304 999 309 1030 l

330 504 403 576 356
770 519 1049 571 anuirnnnnnn
1067 518 1149 572 von.
1165 518 1207 569 111

941 623 1007 630 --——

330 699 475 759 habebam
496 714 551 774 pro
573 703 647 755 teste
669 713 729 754 non
751 695 864 770 optimo
886 712 940 752 nec
962 693 1156 770 peritissimo,
1184 694 1237 751 sed
1266 703 1376 751 minen
1402 692 1543 762 idone03
1573 703 1603 750 at
1623 692 1676 749 suh

330 802 466 861 tessare
488 777 597 874 coepi,
613 805 774 875 postquam
796 801 862 855 eim
890 797 1069 873 deprehendi
1091 797 1177 855 situle
1200 815 1228 853 n.
1245 796 1329 854 3711
1358 795 1564 854 Diocletiani
1585 813 1675 854 neme

331 903 417 981 quasi
440 903 476 962 de
496 900 597 979 lapide
619 900 810 972 inferentem,
838 907 997 976 propterea
1022 899 1103 974 quod
1124 898 1241 957 Aurelii
1263 897 1391 957 Valerii
1423 898 1559 958 nomina
1584 897 1675 956 Rome

330 1025 384 1066 rus
406 1005 620 1081 imposuerat,
643 1021 709 1062 cum
732 1003 806 1062 satis
829 1009 980 1062 constaret
1001 1002 1112 1078 requiri
1134 1001 1174 1060 ibi
1197 1001 1342 1059 Flavium
1367 1000 1556 1074 Valerium,
1579 1000 1675 1060 scilieet

332 1107 551 1170 Constantium.
594 1105 701 1182 Itaque
723 1125 789 1164 cum
812 1109 843 1163 in
865 1123 899 1165 eo
922 1123 1029 1176 essem,
1052 1112 1086 1162 nt
1107 1105 1228 1162 inventa
1249 1125 1267 1163 a
1288 1104 1514 1179 Desjardinio
1537 1105 1575 1163 ad
1595 1104 1674 1180 ipsius

332 1212 493 1272 editionem
506 1209 642 1269 ordinata
656 1209 725 1266 huic
739 1206 923 1284 ephemeridi
938 1208 1108 1280 insererem,
1124 1207 1245 1266 substiti
1258 1208 1403 1284 inopere
1423 1226 1610 1284 mecumque
1620 1224 1674 1264 eon-

333 1314 416 1375 stitni
434 1312 611 1372 Pestinense
632 1329 769 1370 museum
790 1311 909 1370 tertium
933 1310 1025 1382 adire,
1047 1319 1206 1387 antequam
1228 1310 1265 1368 de
1281 1309 1552 1386 Desjardinianis
1575 1309 1674 1387 publice

333 1417 477 1477 iudicium
499 1416 617 1475 ferrem.
661 1413 810 1490 Receptus
832 1414 925 1489 igitur
943 1413 1061 1472 Pestini
1083 1414 1120 1472 ab
1142 1412 1246 1473 amicis
1269 1412 1367 1471 solita
1381 1413 1543 1472 comitate
1564 1433 1624 1472 rem
1642 1412 1674 1468 in·

333 1519 479 1597 vestigari
500 1526 529 1576 et
550 1523 669 1594 praeter
690 1517 929 1592 expectationem
956 1523 1051 1575 totum
1079 1515 1218 1574 volumen
1244 1515 1443 1592 deprehendi
1476 1517 1564 1576 mala
1589 1515 1674 1574 hande

334 1633 364 1682 et
389 1629 534 1701 perpetua
559 1619 790 1697 interpolatione
819 1619 1007 1694 inquinatum
1035 1635 1111 1677 esse.
1160 1617 1238 1676 Nam
1271 1630 1304 1676 ut
1338 1619 1372 1676 in
1404 1619 1469 1678 illo
1499 1621 1607 1688 titulo,
1637 1617 1674 1674 ubi

334 1723 545 1800 Desjardinius
579 1721 671 1780 edidit
693 1722 1048 1794 cavnvnneuiomoctlt,
1081 1721 1121 1779 ibi
1154 1740 1222 1780 vere
1254 1731 1300 1779 est
1322 1737 1449 1782 saevio
1469 1738 1609 1782 vaesano
1634 1738 1673 1776 nec

335 1825 655 1905 quicquamamplius,
683 1824 727 1882 ita
748 1823 859 1882 similia
880 1829 1003 1900 peccata
1024 1825 1138 1902 passim
1160 1823 1300 1894 redeunt;
1329 1833 1363 1882 et
1386 1843 1428 1882 ne
1453 1837 1550 1901 putes
1572 1828 1602 1885 in
1623 1823 1674 1882 solo

337 1949 438 1990 errore
453 1947 514 1987 rem
530 1927 705 2000 consistere,
720 1926 761 1985 ibi
773 1926 1030 2003 impudentissime
1041 1927 1104 1986 iere
1116 1928 1266 1998 mentitur,
1278 1926 1329 1985 ubi
1343 1928 1377 1984 in
1391 1927 1540 1987 editione
1553 1927 1674 1988 Parisino

337 2032 445 2092 collata
460 2049 516 2090 sua
530 2030 657 2089 lectione
671 2047 796 2104 meaque
812 2031 1045 2089 controversiam
1060 2029 1202 2088 diiudicat
1221 2029 1358 2105 allegatis
1377 2032 1522 2106 ectypis.
1570 2030 1674 2091 Grauis

337 2137 415 2196 sima
439 2134 513 2191 hacc
540 2133 691 2191 accusatio
713 2152 749 2190 ne
772 2132 953 2208 argumentis
979 2131 1167 2203 destituatur,
1194 2133 1232 2191 ad
1260 2133 1405 2209 singulos
1437 2133 1556 2192 titulos
1579 2134 1673 2192 ranan

337 2240 494 2298 lectionem
517 2253 614 2294 meam
637 2244 666 2293 et
685 2233 944 2309 Desjardinianam
966 2236 1132 2311 composui,
1155 2254 1231 2311 qnae
1252 2234 1376 2310 quidem
1400 2235 1532 2312 aliquid
1551 2235 1673 2294 momenti

337 2343 470 2411 baberet,
493 2349 522 2396 et
544 2347 575 2396 ut
594 2355 678 2397 meos
700 2357 817 2396 errores
838 2355 898 2395 non
920 2338 1033 2410 reticui,
1057 2339 1099 2396 ita
1115 2337 1368 2413 Desjardinianos
1393 2356 1529 2415 quoque
1552 2337 1673 2398 indicari

339 2443 420 2504 Nam
441 2460 619 2519 quamquam
642 2440 790 2499 eiusmodi
813 2441 1031 2498 confutationes
1054 2441 1150 2499 adhuc
1173 2458 1290 2516 semper
1312 2443 1499 2518 contempsi
1524 2461 1587 2501 non
1607 2443 1673 2518 igne

340 2565 412 2606 rans
434 2545 570 2621 equidem
593 2561 684 2620 quam
706 2544 746 2602 sit
767 2543 939 2602 necessaria
961 2544 1049 2602 etiam
1076 2545 1107 2600 in
1130 2526 1259 2601 minimis
1280 2552 1311 2600 et
1331 2542 1526 2620 adiaphoris
1550 2551 1674 2604 accium

340 2649 438 2721 lectio,
461 2648 514 2706 sed
536 2639 701 2706 abhorrens
723 2665 742 2704 a
763 2645 979 2705 consuetudine
1002 2665 1104 2705 eorum
1127 2648 1259 2705 virorum
1285 2645 1462 2718 doctorum,
1495 2649 1554 2724 qui
1576 2651 1674 2725 Aprum

339 2753 450 2812 iactum
474 2768 541 2810 esse
563 2768 602 2808 ex
618 2751 697 2826 Apto
721 2766 875 2825 annosque
897 2749 944 2808 XI
966 2749 1144 2808 substitutos
1166 2767 1221 2826 pro
1242 2749 1271 2806 X
1292 2749 1410 2825 populo
1432 2753 1588 2810 nuntiant
1608 2747 1674 2807 tibiis
1707 2823 1708 2828 η

341 2855 479 2932 tubisque
502 2852 734 2924 concinentibus,
761 2851 810 2910 hic
831 2851 890 2909 iam
913 2850 1041 2910 uliares
1064 2852 1170 2929 agitur,
1204 2851 1319 2911 scilicet
1340 2851 1445 2910 malae
1472 2853 1551 2912 fidei
1574 2853 1675 2930 publiea
1708 2896 1709 2903 i

341 2957 501 3018 accusatio.
545 2955 593 3012 Ea
613 2954 706 3032 igitur
721 2973 854 3013 errorum
869 2954 1010 3012 refutatio
1032 2955 1111 3013 inira
1132 2960 1328 3032 proponetur;
1355 2955 1419 3013 hoc
1441 2954 1521 3015 loco
1545 2957 1676 3034 quaedam

341 3078 450 3138 ponam
483 3059 642 3118 observata
673 3057 703 3114 in
736 3056 907 3132 diplomatis
934 3065 1148 3116 veteranorum.
1192 3057 1319 3115 Errores
1351 3056 1385 3113 in
1421 3057 1462 3115 iis
1502 3059 1627 3118 edendis
1653 3057 1676 3114 in

342 3162 476 3240 Corpore
503 3161 655 3220 commissi
687 3159 768 3235 apud
788 3158 1013 3234 Desjardinium
1045 3159 1237 3237 conspicuum
1269 3159 1368 3216 locum
1406 3173 1571 3240 occupant
1595 3178 1675 3237 eoque

341 3267 484 3325 maiorem
506 3264 594 3322 fidem
616 3263 673 3322 sibi
697 3262 847 3320 vindicant
868 3262 949 3338 quod
971 3263 1015 3321 sic
1037 3261 1079 3320 ibi
1102 3271 1252 3322 monetur:
1275 3281 1352 3338 pour
1375 3261 1419 3320 les
1443 3265 1595 3340 dipldmea
1616 3263 1676 3320 nili

342 3372 441 3441 tcires,
463 3385 492 3426 ce
513 3377 577 3426 sont
599 3367 638 3425 les
661 3375 837 3442 estampapeo
859 3366 1025 3424 eux-meimet
1041 3385 1094 3442 que
1116 3384 1186 3424 nous
1209 3383 1296 3424 cuono
1314 3364 1436 3439 publie'a
1460 3385 1500 3424 en
1522 3387 1543 3442 y
1563 3370 1677 3441 ajoutant

343 3473 373 3530 la
395 3472 553 3530 coloration
574 3470 623 3528 des
645 3478 817 3528 monumento
839 3471 1001 3543 oripincun.
1045 3468 1249 3528 Recensentur
1270 3465 1378 3524 deinde
1402 3467 1437 3526 in
1460 3469 1597 3549 singulis
1617 3467 1676 3545 tegi·

342 3574 398 3634 bns
420 3591 537 3633 errores
560 3571 713 3632 commissi
734 3571 773 3631 ad
795 3571 852 3629 hoc
874 3570 1057 3646 exemplum:

481 3759 593 3837 Corpus
610 3779 643 3836 p.
660 3761 725 3819 sto
747 3758 880 3835 (contulit
900 3757 1086 3833 Moramsen):
1107 3787 1108 3790 κ
1267 3755 1311 3815 Oa
1331 3755 1364 3814 lit
1387 3773 1444 3814 our
1460 3757 1487 3818 le
1512 3765 1675 3818 monument:

387 3900 434 3956 1η
448 3901 528 3975 soce.
553 3907 605 3956 eut.
633 3899 652 3956 l.
679 3899 715 3956 13
850 3911 1125 3955 uenimsconvni
1343 3909 1627 3957 v·canunticoavu

386 3996 439 4058 2l‘
489 4033 501 4044 -
570 4033 581 4042 -
631 3999 649 4056 l.
698 3999 715 4057 3
852 4013 960 4056 c·1vui
1344 4011 1476 4056 onum
1704 3981 1705 3984 ¹

487 4134 498 4145 -
572 4133 583 4144 ·
630 4102 649 4159 l.
697 4100 717 4158 4
853 4115 996 4158 senam
1346 4113 1505 4158 sex-enni

388 4207 435 4263 1⁷²
488 4237 499 4248 -
547 4208 599 4262 int.
627 4203 646 4262 l.
699 4205 714 4260 l
853 4201 1058 4263 littae-niul
1346 4201 1654 4263 iar-caesanam

491 4339 503 4349 ·
571 4339 582 4349 -
627 4306 645 4364 l.
698 4305 715 4362 3
852 4299 979 4410 cos-'iis
1346 4311 1482 4363 cos-ii

492 4440 504 4452 ·
573 4441 584 4451 -
626 4409 646 4465 t.
678 4408 716 4466 14
852 4413 1186 4466 sr·vu·annvc0uvni
1347 4411 1641 4468 ermannvcorvn

390 4593 465 4656 Cum
488 4594 613 4655 tabellas
634 4593 806 4671 recognovi,
828 4594 894 4671 ipse
909 4593 983 4653 meis
1006 4594 1104 4653 oeulis
1120 4593 1255 4653 diffidere
1270 4591 1355 4668 coepi
1377 4590 1594 4674 advocatique
1614 4593 1671 4654 ami

348 4717 410 4773 cos,
438 4709 472 4758 ut
498 4706 592 4758 testes
619 4697 692 4755 mihi
718 4706 818 4756 essent
842 4697 873 4755 in
900 4717 932 4755 re
961 4697 1112 4773 praesenti
1140 4696 1363 4772 Desjnrdininm
1390 4713 1462 4755 cum
1492 4701 1598 4758 sexies
1621 4717 1672 4757 eor

348 4803 468 4876 rexerit,
491 4801 590 4860 sexies
612 4799 767 4858 mentitum
794 4817 870 4859 esse.
914 4799 1072 4858 Mentitnm
1099 4797 1181 4870 dico;
1216 4819 1284 4858 nam
1307 4799 1348 4870 in,
1366 4797 1493 4859 tabellis
1521 4802 1562 4860 iis
1589 4800 1673 4860 omnia

351 4904 519 4966 clarissima
540 4901 706 4962 certissima
727 4901 952 4961 euidentissima
973 4912 1051 4974 sunt,
1075 4909 1108 4960 ut
1122 4921 1158 4961 ne
1173 4921 1248 4978 puer
1262 4899 1382 4978 quidem
1403 4919 1445 4960 ex
1469 4902 1552 4961 Iulio
1566 4905 1672 4964 Rufina

350 5009 449 5067 iacere
469 5006 575 5083 possit.
618 5005 723 5081 Itaque
738 5003 892 5064 sollemnis
913 5005 966 5063 illa
988 5007 1025 5063 de
1047 5005 1160 5082 ectypis
1184 5002 1379 5080 praescriptio
1396 5011 1428 5060 et
1450 5004 1523 5082 ipsa
1545 5005 1672 5066 ementita

353 5111 394 5170 sit
415 5126 536 5169 necesse
557 5115 617 5179 est3
639 5108 730 5167 immo
751 5108 918 5167 tabularum
939 5107 1249 5183 Desjardinianarnm,
1271 5105 1466 5184 paucissimis
1489 5109 1624 5188 exceptis
1640 5103 1670 5162 al

352 5213 420 5291 ipsa
441 5219 632 5271 monumenta
653 5211 816 5288 expressis,
837 5213 940 5272 eadem
955 5212 1029 5270 fides
1050 5219 1096 5270 est
1117 5219 1208 5288 atque
1223 5210 1430 5288 exemplorum
1452 5214 1538 5289 typis
1561 5215 1670 5288 impret-
