3466 5820
440 533 746 592 OBSERVATIONES
773 525 1049 586 EPIGRAPHICAE
1076 534 1168 586 XVII.
1393 514 1464 586 259

138 704 212 781 Quo.
227 715 345 766 mortuo
369 707 503 766 Thraces
525 707 555 764 in
577 707 750 784 provinciae
771 709 898 767 formam
923 709 1038 768 redacti
1060 709 1170 786 sunt¹)
1198 717 1228 768 et
1255 729 1320 768 cum
1343 710 1466 770 rebella-

137 817 219 883 rent,
247 809 337 868 armis
358 810 564 870 Romanorum
588 808 744 887 devicti2).
787 810 901 870 Eodem
924 821 1057 890 tempore
1079 813 1178 888 Apros
1201 813 1320 872 colonio
1340 811 1468 872 deducto

138 921 183 972 est
205 910 383 988 Claudia3).
1149 917 1150 924 ’

227 1223 286 1294 10.
325 1217 476 1294 Polemo
499 1238 606 1318 Cotyis
628 1237 658 1299 et
672 1241 824 1300 Antoniae
839 1240 1040 1318 Tryphaenae
1060 1239 1140 1299 filius
1162 1240 1240 1299 alter
1260 1241 1330 1318 quin
1352 1250 1382 1300 et
1403 1242 1468 1319 ipsa

139 1341 252 1404 aGaio
274 1345 454 1420 imperatore
474 1362 597 1420 regnum
619 1343 732 1420 pariter
752 1351 841 1420 atque
863 1343 956 1402 frater
977 1343 1125 1420 acceperit
1146 1362 1166 1400 a
1187 1343 1349 1402 maioribus
1370 1345 1467 1422 ipsios

139 1447 287 1524 quondam
310 1447 479 1517 obtentum,
505 1446 633 1504 dubitari
660 1465 719 1504 non
746 1454 846 1523 potest
872 1455 941 1522 post
966 1457 1115 1521 repertum
1143 1445 1260 1504 titulum
1284 1445 1466 1522 Cyzicenum

138 1549 167 1606 id
190 1549 289 1626 ipsum
314 1548 433 1606 disertis
457 1549 555 1607 verbis
577 1549 779 1606 enuntiantem
789 1547 829 1623 4).
867 1547 932 1606 Nec
953 1548 989 1605 de
1013 1567 1048 1606 ea
1068 1568 1101 1607 re
1124 1555 1261 1607 auctores
1283 1557 1389 1620 tacent,
1413 1549 1466 1608 sed

138 1669 197 1708 non
219 1661 298 1710 recte
321 1669 386 1709 eam
409 1650 612 1736 tradiderunt}
637 1651 752 1709 sellicet
773 1650 833 1708 Dio
856 1669 921 1708 eum
945 1657 1047 1708 narrat
1069 1649 1111 1726 (p.
1129 1649 1187 1710 257
1211 1651 1281 1709 adn.
1297 1651 1330 1726 4)
1354 1649 1465 1710 Gaium

141 1753 229 1812 simul
258 1753 417 1812 Thraciam
455 1753 663 1831 adsignarisse
688 1752 918 1810 Rhoemetalces
950 1761 980 1810 et
1005 1751 1163 1812 Polemoni
1200 1752 1373 1812 Polemonis
1405 1754 1468 1813 filio

135 1874 261 1932 regnum
283 1865 440 1931 paternum
463 1856 594 1914 Pontum
616 1855 873 1926 Polemoniacum‚
896 1855 938 1913 ibi
959 1855 1020 1914 iam
1042 1863 1167 1932 apparet
1188 1874 1256 1913 vere
1278 1857 1327 1932 agi
1350 1857 1386 1914 de
1408 1857 1468 1914 Po·
1495 1881 1497 1888 ι

139 1959 256 2017 lemene
277 1956 453 2016 Polemonis
480 1958 560 2034 regis
585 1957 676 2015 Ponti
702 1977 762 2016 non
788 1957 864 2028 titio,
893 1957 946 2015 aad
973 1976 1010 2014 ex
1036 1957 1100 2015 iilia
1126 1965 1249 2034 nepote,
1279 1957 1341 2016 filio
1370 1969 1468 2017 autem

140 2058 247 2138 Cotyis
274 2060 353 2136 regis
381 2058 543 2130 Thraciae,
576 2059 791 2136 solvunturque
818 2059 861 2116 ite
887 2058 966 2116 felici
994 2059 1103 2116 decreti
1131 2057 1272 2135 Cyziceni
1298 2059 1469 2118 inventione

138 2181 215 2240 quae
244 2163 281 2220 de
303 2162 394 2220 Ponti
420 2162 541 2240 regibus
568 2161 659 2219 dubia
685 2162 780 2220 adhuc
805 2167 986 2220 manserunt.
1029 2161 1109 2219 Nam
1132 2171 1251 2220 constat
1271 2162 1359 2221 hodie
1381 2162 1469 2220 Pole-

138 2285 256 2325 monem
278 2282 379 2342 regem
393 2264 484 2322 Ponti
499 2263 717 2340 Pythodoridis
738 2263 876 2322 maritum
899 2263 976 2322 diem
1000 2263 1111 2323 obiisse
1133 2283 1157 2322 c.
1174 2282 1202 2321 a.
1220 2263 1290 2336 746,
1313 2282 1348 2322 eo
1370 2273 1469 2324 antem

139 2369 280 2428 defuncto
302 2385 426 2426 uxorem
448 2384 570 2444 regnum
594 2366 728 2424 tenuisse
744 2372 823 2424 certe
840 2384 905 2425 eum
921 2368 1079 2444 Augustus
1095 2365 1266 2442 excessitl)
1290 2367 1470 2443 scripsitque

142 2468 250 2530 Strabo
263 2469 308 2546 6),
335 2469 365 2527 id
393 2476 440 2526 est
466 2470 504 2527 ad
533 2489 559 2526 a.
581 2487 610 2544 p.
633 2466 704 2527 Chr.
723 2467 769 2526 19.
813 2467 931 2527 Deinde
958 2469 995 2528 de
1021 2449 1111 2528 Ponti
1143 2488 1236 2547 regno
1263 2469 1334 2544 quid
1359 2469 1469 2527 factum

141 2573 180 2631 sit
201 2572 237 2630 ad
261 2592 288 2631 a.
310 2591 339 2648 p.
360 2569 432 2630 Chr.
450 2571 504 2642 37,
527 2590 587 2629 non
609 2571 752 2642 traditur;
781 2590 816 2629 eo
843 2580 943 2630 autem
972 2590 1050 2630 anno
1078 2589 1204 2648 regnare
1225 2572 1359 2649 coepisse
1381 2571 1471 2629 Pole-

141 2693 258 2734 monem
282 2683 312 2732 et
327 2673 457 2731 Dionem
480 2673 596 2731 tradere
617 2674 747 2732 vidimus
770 2679 799 2733 et
820 2675 934 2732 nummi
955 2673 1128 2733 Polemonis
1150 2673 1272 2733 alterius
1294 2675 1472 2733 confirmant

139 2795 234 2836 annos
256 2776 340 2852 regni
361 2773 504 2834 hahentes
525 2775 577 2851 qui
599 2783 721 2834 currant
743 2775 781 2833 ab
803 2793 880 2834 anno
904 2784 955 2833 aut
977 2775 1015 2833 37
1038 2797 1067 2853 p.
1084 2774 1155 2835 Chr.
1178 2785 1232 2834 aut
1253 2775 1341 2858 387).
1379 2774 1471 2833 Prae·

139 2869 222 2939 terea
242 2881 273 2937 in
286 2877 466 2955 quibusdam
490 2896 594 2935 eorum
616 2896 803 2937 nummorum
825 2879 862 2936 ah
883 2879 979 2937 altera
999 2886 1084 2954 parte
1106 2885 1196 2954 caput
1216 2878 1347 2936 cernitur
1368 2877 1470 2935 mulie·

139 2983 191 3040 bre
213 3001 280 3040 eum
302 2980 504 3057 adscriptione
525 2971 704 3052 βασιλίσσης
719 2971 931 3064 Τρυφαῖνηςθ).
970 2980 1049 3038 Eum
1068 2980 1263 3040 Polemonem
1285 2980 1380 3038 filium
1403 2997 1471 3038 esse

219 3293 243 3355 ¹)
270 3295 296 3343 A
308 3293 469 3358 Vespasiano
489 3291 592 3341 demum
613 3293 655 3357 qui
675 3293 833 3358 provinciam
847 3286 987 3342 ThracIam
1002 3295 1166 3344 constitutam
1181 3309 1236 3344 esse
1251 3293 1347 3354 dicunt,
1368 3291 1469 3356 decepti

141 3393 200 3437 sunt
219 3386 286 3436 falsa
304 3387 414 3435 lectione
427 3383 496 3451 apud
510 3385 662 3437 Suetonium
675 3387 781 3450 Vespt
801 3383 934 3434 Thracium
951 3382 1066 3436 Ciliciam
1085 3403 1132 3450 pro
1149 3402 1179 3437 eo
1199 3387 1267 3452 quod
1287 3391 1326 3434 est
1345 3381 1468 3434 trachiam

143 3476 267 3529 Ciliciam.
320 3479 400 3529 Recte
439 3478 471 3526 de
506 3490 537 3525 ea
572 3491 600 3526 re
636 3483 695 3542 post
730 3479 795 3527 alios
825 3493 908 3542 nuper
945 3479 997 3543 egit
1041 3479 1194 3544 Morqnardt
1225 3475 1469 3542 Staataoerwoltunp

146 3573 170 3634 1,
193 3571 254 3622 157.
511 3623 512 3626 ,

215 3660 240 3724 ²)
264 3662 353 3711 Armis
375 3661 519 3710 libertatem
543 3661 690 3711 defendisse
714 3661 829 3712 Thracas
854 3661 989 3726 Syneallns
1015 3663 1052 3712 ait
1078 3663 1105 3723 (l.
1125 3661 1171 3725 a),
1200 3671 1228 3712 ut
1252 3668 1328 3712 antea
1351 3661 1467 3711 fecerant

142 3772 166 3806 a.
181 3756 215 3806 26
236 3755 352 3817 (Tacitus
371 3769 431 3803 ann.
445 3755 471 3815 4,
486 3753 540 3814 46).
579 3753 685 3804 Tacitus
704 3754 749 3804 uhi
768 3756 802 3804 ed
821 3769 844 3804 e.
861 3755 894 3804 53
915 3754 985 3816 (anu.
1002 3756 1044 3816 12,
1060 3755 1105 3817 63)
1125 3756 1162 3804 ait
1180 3754 1319 3818 Byzantios
1344 3751 1467 3804 Thraecio

141 3847 338 3916 Bosporanoque
353 3844 417 3895 bello
435 3861 522 3896 recens
532 3845 625 3910 sessos,
647 3846 772 3912 intellegit
784 3847 940 3897 Thraeeium
960 3862 983 3896 a.
998 3848 1032 3897 to
1054 3847 1134 3909 (cuius
1153 3847 1214 3897 anni
1233 3862 1274 3897 res
1292 3853 1378 3911 gastae
1399 3847 1468 3911 apud

141 3942 259 3992 Tacitum
280 3939 467 4000 desiderantur)
486 3938 716 4004 Bosporanumquo
735 3955 758 3988 a.
772 3941 816 3990 49.
849 3939 915 3988 Eam
933 3938 1014 4004 ipsam
1029 3940 1219 4004 expeditionem
1233 3939 1360 4004 signifieat
1380 3940 1472 4003 opinor
1505 3988 1508 3997 ,

140 4033 228 4083 titulus
248 4032 442 4082 Castulonensis
460 4032 489 4081 II
508 4047 532 4082 ιι.
555 4030 625 4080 3272
646 4029 690 4094 (ci.
711 4048 736 4080 n.
757 4031 838 4092 2079)
862 4031 988 4100 praefecti
1009 4031 1199 4082 vexillariorum
1222 4033 1249 4081 in
1273 4029 1384 4080 Trachia
1403 4025 1469 4092 XV;

138 4141 200 4176 nam
219 4125 334 4188 legiones
357 4124 430 4185 duas,
456 4137 562 4188 quarum
586 4124 794 4174 vexillationibus
814 4124 909 4174 bellum
932 4125 959 4174 id
978 4133 1077 4189 gestum
1096 4139 1151 4175 esse
1171 4125 1289 4185 traditur,
1314 4121 1350 4184 [V
1369 4121 1467 4186 Mace]

140 4218 261 4268 donicam
281 4223 306 4265 et
325 4217 392 4266 VIII
410 4215 564 4280 Augustam,
591 4217 693 4267 Claudii
712 4218 875 4282 Neronisqua
900 4224 1023 4282 tempore.
1044 4219 1143 4267 vicinae
1162 4217 1278 4267 Moesiae
1297 4214 1471 4281 praetendisse

140 4317 184 4360 aut
207 4317 304 4360 eertum
328 4316 366 4358 cst
392 4316 435 4358 out
458 4309 599 4373 probabile.
640 4333 673 4343 —
711 4311 796 4360 'Anno
822 4309 857 4359 66
883 4327 907 4374 p.
928 4308 989 4359 Chr.
1016 4309 1129 4359 Thracia
1151 4309 1314 4360 obtinebatur
1342 4307 1471 4372 praesidio

93 4449 96 4454 .
141 4403 260 4454 Romano
279 4401 390 4450 militum
410 4407 531 4466 quattuor
549 4403 650 4452 milium
670 4401 783 4467 (Ioseph.
802 4403 861 4452 bell.
880 4402 938 4452 Iud.
960 4404 984 4464 2,
1001 4402 1094 4464 tat).

220 4491 246 4556 ι)
270 4495 331 4542 Vol.
346 4496 370 4544 V
389 4510 415 4544 n.
430 4495 482 4545 386
503 4515 536 4535 =
557 4493 636 4546 Orell.
658 4495 720 4545 512.

218 4585 245 4652 ⁴)
266 4581 341 4634 ’Erat
427 4583 503 4643 Γάιος
521 4586 622 4654 Καῖσαρ
638 4577 770 4650 Σεβαστδς
789 4577 939 4654 Γερμανικδς
961 4619 1100 4638 ........
1120 4573 1177 4642 aad:
1195 4572 1292 4642 Kdrooc
1380 4579 1471 4641 παῖδας

138 4668 322 4748 Ῥοιμητάλκην
345 4675 386 4726 καὶ
406 4675 550 4742 Πολέμωνα
574 4673 616 4728 καὶ
636 4668 718 4729 Ko‘rvv
805 4679 839 4736 alc
864 4671 908 4737 nir
933 4677 957 4729 ἐκ
983 4666 1076 4728 adaram
1100 4671 1142 4728 aei
1162 4678 1219 4740 (sic)
1243 4665 1367 4744 zpeyo'vov
1387 4672 1471 4732 αὐτοῖς

142 4765 308 4838 &prolapsisse
328 4767 532 4820 daoanioraxev
552 4766 697 4834 βασιλείας.
960 4841 963 4846 ¹

219 4861 244 4925 Ι)
269 4863 352 4916 Sallet
370 4861 492 4930 Beitrdqe
509 4880 554 4912 zar
571 4861 658 4914 Gesclr.
672 4863 725 4914 aad
742 4861 817 4914 Num.
834 4863 877 4915 dea
889 4862 989 4932 Kdna'pa
1007 4863 1051 4914 des
1063 4863 1160 4915 Pontes
1178 4880 1203 4929 p.
1219 4865 1262 4914 69.
1293 4863 1472 4929 Waddiugton

141 4953 268 5022 me'loaqea
287 4954 317 5004 de
336 4956 447 5005 icamiam.
469 4959 494 5018 2,
516 4957 577 5006 115.

220 5045 244 5109 ⁸)
271 5048 357 5100 Strah.
373 5049 416 5110 12,
432 5049 456 5110 3,
473 5049 488 5098 9
505 5065 534 5113 p.
550 5049 611 5099 555.
650 5049 690 5100 cf.
704 5048 812 5114 Ephem.
830 5051 853 5111 1,
870 5051 930 5101 270.

220 5135 244 5201 t)
270 5141 354 5192 Sallet
371 5140 388 5189 l.
403 5157 425 5190 c.
444 5156 469 5205 p.
485 5142 517 5190 71
534 5157 587 5206 seq.

221 5228 245 5294 ⁸)
270 5232 354 5286 Sellae
370 5233 424 5283 l.c.
443 5248 470 5297 p.
485 5233 529 5283 76.
