3540 5828
386 609 735 664 conunrrnuuoras
754 607 1033 660 nrrsnnrmcsa
1053 605 1155 658 rans.
1365 585 1436 656 169

188 789 405 866 Apographum
427 797 458 844 et
479 793 617 870 ectypum
638 783 811 866 litterarum
828 781 912 841 misit
935 779 973 840 G.
992 781 1029 840 do
1051 780 1144 840 Petra
1166 779 1273 838 studiis
1297 778 1372 836 meis
1393 777 1438 834 fa·

98 910 193 962 vens,
224 899 256 949 ut
287 891 409 949 assolet.
454 886 637 964 Comparate
667 885 756 944 titulo
789 885 958 961 quaestoris
981 883 1174 960 Pompeiani,
1208 881 1338 938 Momme.
1372 877 1438 938 Unt.

97 995 190 1051 Dial.
212 1003 232 1050 t.
250 993 291 1064 X,
315 992 374 1063 26,
397 1011 431 1068 p.
451 993 510 1049 181
538 987 807 1064 .....lc]oattetur
829 1029 1046 1045 ...........
1059 987 1086 1062 t]
1113 985 1243 1062 anpinud
1267 967 1439 1057 [upsannJu

99 1097 198 1154 (1ιάεά
216 1095 355 1168 [isidam]
376 1094 470 1152 elclad
489 1092 681 1169 [pruJJatted‚
703 1089 902 1166 fragmentum
925 1089 1004 1148 tituli
1027 1088 1283 1164 suprascriptum
1306 1085 1349 1143 sic
1368 1101 1437 1161 sup·

98 1199 182 1276 pleri
204 1205 319 1276 potest:

260 1431 476 1447 .....
540 1383 717 1462 [kraisstur]
1025 1390 1168 1460 quaestor

260 1580 476 1595 .....
538 1532 695 1636 [tips]ann
1022 1558 1148 1617 operan-

274 1655 322 1744 ξω
345 1685 441 1744 aecer
463 1686 572 1745 istrum
595 1674 699 1793 suad
930 1697 998 1756 ram
1021 1696 1112 1768 seuit,
1134 1695 1213 1754 uem
1236 1695 1283 1753 me

553 1833 757 1950 pru]i'at(ted)
1030 1841 1179 1938 probavit.

720 2060 1028 2070 ——--—-—

101 2181 163 2240 24.
207 2181 304 2260 Lapis
327 2184 502 2246 Tiburtinus
525 2190 658 2268 epistylii
680 2189 818 2248 intentus
840 2189 870 2246 in
893 2141 960 2246 cusu
983 2187 1030 2245 del
1051 2187 1153 2246 Fauno
1175 2203 1277 2244 mense
1299 2185 1439 2261 Augusto

147 2303 174 2342 a.
195 2285 285 2358 1865,
309 2306 388 2346 nunc
409 2288 439 2348 in
461 2308 568 2350 museo
590 2291 807 2371 Neapolitano:

488 2505 522 2553 v.
552 2481 695 2556 'sadiriis
743 2538 751 2553 .
792 2506 826 2566 v.
855 2478 942 2554 aidil

488 2639 597 2700 Vibius
621 2638 747 2700 Sadiriis
791 2641 872 2700 Vibii
899 2641 919 2698 f.
942 2637 1059 2698 aedilis.

194 2771 230 2830 G.
249 2774 283 2830 de
302 2773 400 2845 Petra,
422 2777 505 2836 Sulla
527 2740 635 2838 condia.
659 2779 730 2837 delle
753 2782 821 2838 eice
843 2778 906 2836 ital.
931 2779 1004 2853 dopo
1028 2776 1058 2832 la
1079 2792 1186 2852 querna
1207 2775 1323 2842 tonale,
1342 2793 1374 2850 p.
1390 2773 1438 2831 68.

103 2873 246 2946 Sodoma,
268 2877 351 2934 Ball.
375 2880 403 2936 6.
419 2881 491 2938 Inte.
515 2900 543 2938 a.
560 2881 595 2939 R.
612 2881 703 2952 1867,
722 2901 755 2958 p.
771 2880 812 2940 37
830 2899 872 2956 sq.
895 2890 952 2938 cot.
968 2881 993 2937 1.
1037 2877 1086 2936 Ex
1109 2876 1227 2936 schedis
1252 2875 1373 2934 Blorclli
1394 2876 1437 2932 ad.

102 2975 254 3048 fabrotti,
280 2977 311 3037 0.
331 2979 357 3037 Ι.
377 2980 445 3039 Ital.
468 3001 496 3040 n.
512 2981 604 3052 2819,·
631 2985 666 3057 cf.
689 2983 832 3054 Enderie,
853 2981 998 3040 For-meni.
1021 2981 1049 3038 d.
1071 2977 1139 3038 Oak.
1160 2979 1230 3056 Spr.
1252 2998 1280 3037 a.
1302 2976 1394 3048 XIX,
1409 2995 1437 3034 a.

101 3077 241 3151 Fiorelli,
264 3078 315 3137 Gli
336 3087 414 3142 scaci
436 3085 467 3142 di
488 3084 606 3161 Pompei
628 3086 680 3146 dat
701 3085 776 3144 1861
798 3084 943 3155 α11872,
963 3103 996 3160 p.
1014 3085 1065 3142 88.

1029 3283 1437 3295 —..-..---—-—-—

493 3311 824 3320 -.———-———

406 3567 548 3630 MENSA
571 3567 840 3630 MENSURALIS
864 3567 1129 3630 POMPEIANA.

101 3752 163 3813 ²5.
199 3752 266 3812 Hoc
287 3753 404 3813 demum
426 3769 559 3834 tempore
572 3755 612 3815 *in
634 3758 731 3817 lucam
753 3757 929 3834 prodierunt
948 3756 1159 3834 inscriptiones
1175 3753 1322 3830 quaedam
1339 3751 1438 3812 Oscae

149 3856 265 3914 incisae
291 3857 323 3914 in
349 3877 454 3917 mensa
479 3859 641 3918 mensurali
665 3858 819 3936 Pompeiis
845 3861 967 3919 inventa
993 3860 1052 3916 iam
1080 3875 1182 3916 mense
1205 3856 1285 3915 Maio
1308 3875 1334 3914 a.
1358 3855 1437 3913 1816

148 3959 180 4016 in
196 3977 313 4017 camera
335 3960 463 4035 quadam
487 3979 612 4038 magnae
635 3963 777 4038 porticus,
800 3980 876 4038 quae
892 3961 1081 4021 interiorum
1103 3969 1133 4018 et
1154 3959 1297 4036 templum
1309 3957 1438 4017 Veneris

151 4062 210 4119 sita
231 4071 291 4132 est,
319 4081 396 4120 nunc
418 4063 449 4122 in
470 4083 575 4124 museo
596 4064 796 4142 Neapolitano
819 4073 976 4124 asservata
997 4063 1102 4140 (lapid.
1120 4061 1219 4138 Pomp.
1242 4080 1316 4119 num.
1333 4059 1437 4135 1271).

149 4161 247 4222 Cuius
268 4164 300 4221 in
322 4165 424 4223 tabula
444 4166 552 4243 lapidis
568 4167 719 4226 Tiburtini
741 4167 870 4244 oblonga
890 4167 986 4224 incisa
1000 4172 1205 4240 excavataquc
1221 4170 1367 4240 apparent
1387 4181 1437 4220 no·

150 4284 217 4323 vem
234 4284 307 4324 vasa
328 4267 456 4326 rotunda
477 4269 614 4328 diversae
636 4269 820 4345 capacitatis,
843 4269 973 4345 quinque
993 4267 1133 4344 deinceps
1156 4267 1187 4324 in
1209 4264 1307 4323 media
1326 4265 1439 4335 tabula,

150 4375 292 4444 quattuor
313 4369 429 4428 minora
449 4371 480 4429 in
503 4381 646 4448 quattuor
660 4372 779 4448 angulis
799 4372 864 4430 eius
878 4370 1032 4447 disposita,
1055 4369 1164 4446 quibus
1180 4367 1357 4444 Pompeiani
1378 4385 1438 4425 me·

149 4470 257 4529 tiendis
284 4471 373 4530 rebus
400 4471 521 4548 liquidis
554 4483 584 4532 et
611 4474 702 4534 aridis
728 4474 758 4532 in
781 4473 961 4533 commercio
986 4480 1128 4549 tanquam
1151 4488 1257 4530 norma
1277 4470 1439 4547 regulaque

150 4581 313 4632 uterentur.
357 4574 458 4651 Atque
479 4575 556 4635 hanc
577 4577 695 4652 quidem
718 4595 853 4636 mensam
877 4575 916 4636 G.
937 4575 1069 4634 Mancini
1091 4574 1203 4651 optime
1224 4551 1441 4632 demonstravit

149 4675 278 4752 primum
301 4695 337 4734 ea
358 4684 455 4735 aetate
476 4678 662 4750 fabricatam,
685 4697 745 4754 qua
759 4677 908 4740 Samnites
923 4677 1079 4754 Pompeiis
1100 4675 1331 4746 dominarentur,
1353 4675 1440 4750 quin·

150 4796 211 4854 que
232 4778 331 4837 media
351 4780 556 4839 tantummodo
571 4781 752 4840 continuisse
767 4799 850 4854 vasa,
874 4780 1033 4857 adscriptis
1050 4778 1138 4839 Oscis
1153 4778 1200 4837 vel
1217 4775 1342 4836 Graecis
1358 4797 1440 4837 men-

150 4899 288 4940 surarum
310 4881 482 4954 vocabulis,
508 4881 615 4940 deinde
636 4883 668 4941 in
689 4883 778 4941 aliam
801 4884 929 4941 formam
951 4882 1100 4941 redactam
1123 4899 1190 4940 esse
1212 4880 1345 4956 Augusti
1366 4887 1440 4938 tem-

149 5001 240 5061 pore,
263 5001 322 5059 quo
344 4969 425 5042 vasa'
438 4983 538 5043 media
558 4985 754 5044 dilatarentur
776 4993 806 5044 et
827 4993 968 5062 quattuor
989 4985 1106 5043 minora
1126 4983 1157 5040 in
1179 4983 1297 5060 angulis
1320 4983 1441 5041 tabulae

149 5083 343 5158 adderentur,
377 5096 411 5143 ut
443 5086 694 5164 Pompeianorum
726 5105 883 5146 mensurae
918 5106 984 5146 cum
1012 5087 1159 5146 Romanis
1190 5085 1441 5160 adaequarentur,

149 5193 228 5246 teste
249 5185 335 5246 titulo
357 5186 483 5260 Latino,
511 5189 563 5266 qui
585 5201 632 5249 est
654 5190 783 5267 scriptus
809 5192 840 5250 in
860 5191 959 5248 fronto
981 5207 1101 5248 mensae
1123 5189 1160 5246 de
1181 5187 1328 5246 mensuris
1351 5206 1441 5245 exae-

150 5288 280 5364 quandis
308 5288 429 5366 (thra.
452 5292 480 5351 d.
500 5309 577 5352 stov.
599 5294 626 5351 d.
644 5292 744 5368 Pomp.
759 5293 847 5366 1871,
870 5312 904 5369 p.
918 5292 975 5352 144
984 5293 1092 5364 -161,
1116 5300 1172 5349 tao.
1185 5290 1243 5360 VI,
1264 5289 1441 5366 69111).

1198 5391 1235 5450 12
