3540 5828
406 599 749 653 COMMENTATIONES
767 597 1044 653 EPIGRAPHICAE
1063 599 1165 654 Talis.
1374 577 1444 652 171

117 793 224 833 revera
265 793 332 834 esse
372 777 455 836 vocis
497 775 597 836 Oscae
644 775 904 854 significationem,
951 794 1040 851 qnam
1078 755 1193 847 statui,
1240 777 1450 850 comprobatur

117 875 239 936 diversa
280 879 443 956 capacitate
485 897 641 951 vasorum,
689 897 765 954 quae
801 887 870 936 sunt
891 878 939 935 in
968 879 1066 938 media
1102 896 1221 951 mensa,
1264 898 1282 936 a
1316 879 1448 936 maximo

118 980 170 1038 ubi
206 980 368 1055 inceperis,
409 982 456 1040 bis
498 999 720 1052 mensurarum,
760 981 867 1056 quibus
902 998 980 1038 nnnc
1020 989 1144 1038 utuntur
1185 979 1270 1051 Itali,
1318 980 1449 1039 numeris

121 1082 267 1140 indicata:
290 1084 328 1140 A.
352 1083 408 1141 litr.
430 1082 543 1153 31,000.
588 1084 627 1141 B.
652 1083 711 1141 litr.
730 1082 856 1152 23,000.
904 1079 1149 1153 0.tar.16‚2oo.
1194 1083 1234 1140 D.
1257 1082 1316 1140 litr.
1332 1082 1448 1152 10,250.

119 1183 158 1240 E.
182 1184 241 1242 iitr.
255 1183 351 1253 5250
373 1184 520 1260 (Mancini
541 1185 559 1242 Ι.
576 1204 599 1243 c.
619 1205 650 1260 p.
667 1185 750 1260 154).
794 1181 853 1257 Qui
876 1185 1004 1256 numeri,
1034 1203 1101 1242 eam
1125 1184 1229 1243 eadem
1250 1183 1312 1243 sere
1332 1185 1450 1244 ratione

120 1287 199 1344 inter
214 1303 246 1343 sc
262 1285 401 1344 differant
414 1299 446 1345 ut
465 1289 476 1344 l
493 1283 698 1367 ιῇεῇιζιὲ,
714 1285 890 1346 vocabulum
907 1285 1019 1346 Oscum
1036 1287 1181 1345 ‹idacii-c
1197 1287 1383 1363 significasse
1398 1306 1449 1362 ap·

121 1397 208 1464 paret
222 1385 402 1447 Samniticae
424 1407 546 1447 mensae
566 1401 620 1447 vas
643 1389 810 1467 capacitate
832 1388 1005 1460 secundum,
1027 1389 1106 1464 quod
1127 1388 1201 1447 duas
1224 1397 1325 1467 partes
1347 1390 1451 1448 tertias

120 1489 211 1566 primi
237 1500 268 1549 et
288 1491 412 1549 maximi
433 1490 514 1550 illius
537 1491 619 1550 vasis
642 1492 815 1549 contineret.

205 1591 337 1650 Litteras
364 1594 504 1652 vocabuli
530 1593 651 1669 quintae
677 1611 834 1653 mensurae
863 1593 997 1653 sebsilc..
1026 1593 1159 1652 Mancini
1186 1594 1216 1652 in
1243 1593 1380 1669 acbstlcst]
1402 1595 1450 1652 vel

121 1693 274 1768 acbailcffls]
294 1695 449 1754 restituere
472 1677 606 1769 conatur,
630 1696 684 1755 sed
705 1689 753 1755 ine
773 1695 868 1756 fateor
882 1697 1007 1768 nescire,
1029 1695 1101 1772 quid
1122 1696 1159 1755 ds
1181 1696 1271 1755 huius
1292 1713 1450 1756 mensurae

121 1797 251 1856 nominis
274 1795 347 1856 Osci
369 1797 483 1875 origine
505 1809 535 1856 et
556 1797 774 1875 significatione
796 1800 984 1858 statuendum
1007 1798 1153 1858 videatur.

121 2096 178 2156 26.
223 2097 295 2156 Duo
316 2097 483 2176 fragmenta
503 2099 613 2176 lapidis
634 2099 785 2158 Tiburtini
811 2100 937 2160 adhibiti
959 2100 998 2158 ad
1020 2100 1156 2160 cardines
1177 2110 1280 2177 portae
1303 2101 1452 2162 sustinen-

164 2200 220 2258 dos
242 2200 273 2258 in
295 2219 367 2259 casa
389 2203 420 2260 di
440 2202 480 2261 N.
496 2201 622 2279 Popidio
637 2201 737 2262 Prisco
759 2202 805 2261 vel
828 2221 898 2262 casa
921 2201 964 2261 dc’
977 2207 1080 2262 mamni
1100 2202 1148 2263 his
1168 2203 1277 2263 litteris
1293 2205 1420 2264 incisis:

607 2413 665 2461 mr
686 2445 693 2460 .
710 2337 899 2487 pd[p]idiis
915 2413 993 2462 .mr

607 2490 885 2664 pupparpiip

606 2724 707 2783 Maras
728 2724 877 2802 Popidius
899 2725 1003 2784 Marae
1024 2724 1044 2782 f.

607 2825 821 2903 Pompeianus.

205 2992 285 3050 Dedi
300 3011 339 3050 ex
355 2993 527 3070 apographo
544 2993 604 3052 alt.
621 2991 758 3053 Schoene
769 3001 906 3076 accept03
922 2993 991 3053 inde
1006 2993 1094 3052 etiam
1107 2993 1245 3066 Fabrctti,
1261 2993 1292 3052 0.
1304 2994 1342 3052 It.
1355 3003 1373 3052 t.
1381 2993 1454 3065 LII,

121 3094 208 3164 2819,
226 3105 287 3152 tum
304 3096 342 3153 ab
358 3096 425 3172 ipso
439 3096 538 3171 lapide
557 3094 592 3154 G.
604 3095 738 3167 Fronto,
758 3095 808 3155 012·
821 3100 901 3155 soavi
916 3098 946 3154 di
959 3097 1057 3172 Pomp.
1076 3095 1387 3172 da11861a11872,p.
1402 3098 1453 3156 88.

123 3195 215 3269 Quod
229 3196 359 3258 Enderis
381 3197 511 3274 scripsit,
536 3199 677 3256 Forraeal.
695 3200 723 3257 d.
740 3197 808 3256 Ock.
826 3197 895 3274 Spr.
911 3219 940 3257 a.
952 3199 1043 3270 XIX,
1061 3199 1097 3256 2.-
1118 3197 1165 3256 Pu
1177 3239 1184 3254 .
1198 3240 1205 3255 .
1219 3241 1226 3255 .
1239 3202 1303 3268 riis,
1326 3197 1454 3275 legendo

121 3299 242 3356 erravit
286 3299 369 3358 Bene
392 3298 518 3357 Fiorelli
540 3299 660 3357 titulum
689 3299 732 3358 sic
754 3301 899 3371 restituit,
926 3310 959 3376 ut
985 3319 1077 3376 snpra
1105 3302 1235 3376 scriptus
1264 3310 1326 3370 est,
1353 3300 1396 3358 its
1422 3308 1456 3358 ut

121 3401 387 3478 Pa[mpat·i]an[s]
407 3419 570 3478 cognomen
591 3400 759 3459 babendum
781 3402 820 3460 sit
844 3401 922 3460 idem
938 3421 974 3461 ac
989 3401 1180 3477 Pompeianas
1200 3402 1230 3459 in
1245 3401 1354 3460 Latino
1368 3401 1454 3460 titulo

120 3503 277 3580 Pompeiis
299 3504 430 3574 invento,
458 3501 490 3560 0.
505 3505 533 3560 Ι.
550 3501 619 3561 Lat.
635 3503 655 3560 I
660 3503 693 3574 V,
715 3504 807 3562 1756.-
827 3505 861 3562 P.
885 3505 1021 3562 Parrciaa
1043 3481 1244 3580 Pompeianas.

124 3737 182 3797 27.
216 3737 429 3814 Fragmentum
451 3738 562 3816 lapidis
584 3738 668 3797 tofini
690 3740 846 3798 inventum
868 3758 895 3797 a.
914 3738 992 3798 1847
1015 3740 1046 3798 in
1061 3758 1145 3798 muro
1162 3739 1361 3799 exadversum
1385 3758 1456 3800 cccc

166 3841 198 3898 di
219 3839 263 3898 M.
280 3839 430 3912 Lacreaio,
452 3859 531 3900 nunc
552 3841 583 3899 io
605 3859 707 3901 museo
730 3840 948 3919 Neapolitano:

482 4003 540 4050 mr
567 3980 618 4052 nli
669 4023 670 4026 ¹
884 3998 986 4058 Maras
1008 3997 1136 4057 Novius.

210 4133 346 4193 Titulnm
369 4134 550 4194 delineatum
569 4135 668 4195 habeo
690 4155 709 4194 a
729 4135 765 4194 R.
782 4135 927 4197 Schoene.
971 4136 1029 4194 Ed.
1045 4137 1176 4206 Horatii,
1200 4133 1301 4194 Giora.
1325 4137 1353 4194 d.
1376 4154 1454 4194 acac.

124 4237 153 4294 d.
169 4237 268 4313 Pomp.
282 4237 363 4314 Nap.
378 4239 466 4296 1850.
499 4238 637 4313 Dispeas.
650 4237 695 4308 ΙΙ,
710 4257 739 4314 p.
746 4238 836 4297 XIX.
874 4239 935 4299 Cat.
951 4255 1022 4297 mas.
1035 4238 1115 4314 Nap.
1132 4238 1220 4297 Racc.
1237 4240 1326 4314 epipr.
1342 4256 1370 4296 a.
1383 4238 1454 4301 149.

124 4339 176 4398 Ex
200 4340 262 4398 suis
286 4339 404 4398 schedis
426 4339 472 4397 ed.
491 4341 627 4411 Fabrettt
650 4339 738 4398 Pcim.
755 4340 850 4417 suppl.
866 4341 893 4398 d.
909 4349 968 4398 cat.
986 4343 1052 4400 iser.
1068 4340 1107 4400 It.
1128 4359 1157 4398 a.
1171 4340 1240 4399 001.

125 4574 183 4634 28.
226 4575 358 4636 Parvum
379 4578 577 4654 fragmentum
601 4576 733 4654 epistylii
754 4576 785 4634 in
808 4594 912 4636 museo
933 4573 1149 4653 Neapolitano:
1274 4647 1276 4652 ,

453 4712 604 4813 epidpis]
961 4732 1098 4810 apicius.

208 4871 247 4929 E.
264 4871 375 4942 Brimo,
398 4870 499 4930 Giora.
522 4872 549 4929 d.
570 4888 647 4929 acco.
671 4871 699 4928 d.
715 4869 817 4946 Pomp.
836 4871 863 4941 Ι,
886 4870 958 4940 200,
980 4881 1036 4928 aot.
1053 4872 1079 4940 1,
1102 4868 1180 4927 unde
1203 4869 1341 4941 Fabrctta',
1363 4867 1455 4927 Prior.

5 5019 6 5042 2
123 4973 221 5050 suppl.
244 4983 303 5031 nat.
326 4978 396 5034 iser.
416 4974 486 5032 Ital.
509 4993 538 5031 a.
558 4974 626 5032 505.
651 5005 688 5015 -
713 4971 850 5044 morata,
881 4971 932 5030 Ga
958 4976 1037 5031 acaci
1065 4973 1096 5030 di
1122 4970 1223 5046 Pomp.
1247 4971 1300 5030 dal
1320 4969 1399 5030 1861
1424 4971 1458 5028 al

5 5061 12 5138 i
124 5075 213 5147 1872,
234 5095 265 5150 p.
284 5076 334 5134 88.
377 5075 534 5151 Ερίἀίίὶε]
555 5073 591 5132 Ε.
612 5073 714 5134 Briaio
737 5083 817 5133 recte
840 5073 1006 5151 supplevit,
1033 5093 1100 5132 eum
1128 5053 1159 5131 iri
1185 5072 1456 5151 programmatibus

5 5161 10 5248 Ji
123 5177 378 5254 Pompeianorum
405 5178 547 5255 frequens
575 5177 615 5235 sit
642 5195 749 5235 nomen
771 5175 899 5252 Epidius
927 5173 978 5250 (0.
1001 5177 1028 5233 Ι.
1051 5175 1122 5234 Lat.
1144 5176 1164 5233 I
1169 5175 1203 5247 V,
1225 5196 1258 5253 p.
1277 5175 1354 5246 230,
1382 5194 1406 5233 c.
1428 5173 1456 5230 2.

5 5251 12 5383 Ξ
124 5279 288 5356 Zaapcm.).

1189 5376 1250 5436 12⁴
