3540 5828
587 539 661 588 unx
680 539 761 590 con.
783 539 1008 590 causarum.
1393 521 1471 591 145

1316 639 1468 649 ..ὴ-ἦ...-

139 717 225 776 citari
248 719 319 774 iuter
334 716 433 772 loram
453 714 602 772 secandam
617 723 643 771 et
656 714 792 772 decimam
807 714 872 771 diei.
891 745 928 755 -
952 713 1069 772 Deinde
1084 713 1163 788 quod
1179 715 1229 772 lex
1246 713 1373 772 delatori
1388 720 1471 788 quat-

79 813 83 816 ’
140 830 208 879 tuor
229 819 318 876 horas
341 818 401 888 dat,
425 815 681 892 subscriptoribus
705 815 830 893 singulis
852 816 949 887 binas,
971 836 1023 875 reo
1046 816 1239 895 patronisque
1261 816 1324 874 eius
1348 816 1473 874 alterum

140 931 256 982 tantum
279 919 431 996 temporis,
454 925 596 995 quantum
619 919 812 989 accusationi,
834 918 865 976 id
887 917 960 976 nihil
981 918 1114 995 impedit,
1136 919 1295 995 quominus
1318 937 1337 975 a
1356 918 1473 976 iudiciis

141 1025 269 1102 publicis
292 1041 368 1099 quae
390 1039 426 1081 eo
447 1030 581 1098 tempore
602 1022 633 1079 in
656 1021 728 1079 urbe
750 1021 856 1080 fierent
877 1021 1055 1080 translatum
1077 1039 1145 1080 esse
1168 1030 1319 1098 putemus3
1343 1033 1422 1082 certe
1443 1022 1474 1082 in

142 1145 237 1186 causa
257 1125 423 1184 Miloniana
443 1122 525 1200 quod
546 1122 730 1182 accusationi
753 1123 828 1182 duae
851 1124 942 1181 horae
965 1123 1052 1182 datae
1074 1131 1153 1195 sunt,
1181 1124 1346 1182 defensioni
1369 1125 1473 1200 tres1),

143 1249 204 1288 non
225 1235 375 1305 quattuor,
398 1233 513 1284 tantum
536 1225 633 1297 abest,
657 1233 691 1282 ut
712 1226 751 1283 ad
772 1226 943 1302 exemplum
965 1225 1042 1282 trahi
1065 1227 1175 1302 possit,
1204 1234 1236 1285 ut
1258 1227 1413 1303 probabile
1435 1228 1475 1284 sit

142 1331 331 1407 iniquitatem
353 1330 429 1405 legis
451 1328 594 1386 adversus
617 1327 804 1388 defensorem
827 1329 857 1387 in
880 1347 916 1385 ea
936 1345 1054 1404 quoque
1076 1347 1108 1386 re
1131 1331 1222 1399 cerni,
1244 1329 1324 1404 quod
1339 1350 1377 1388 ex
1392 1339 1475 1406 quat-

144 1445 213 1493 tuor
233 1433 317 1491 horis
339 1431 479 1508 legitimis
502 1449 590 1488 unam
611 1429 638 1487 ei
661 1429 799 1490 auferret.
841 1431 945 1508 Ipsam
968 1430 1108 1489 horarum
1131 1451 1287 1490 numerum
1310 1433 1474 1508 legitimum

145 1557 200 1596 nec
227 1536 301 1594 satis
328 1543 511 1609 compertum
538 1533 656 1591 aliunde
684 1531 867 1609 habemusl)
895 1551 948 1592 nec
974 1533 1130 1611 probabile
1157 1543 1204 1592 est
1226 1535 1423 1610 aequabiliter
1444 1537 1475 1594 in

146 1639 285 1698 omuibus
313 1636 430 1695 iudiciis
453 1635 490 1694 de
512 1653 545 1692 eo
568 1644 686 1694 cautum
708 1636 811 1694 fuisse.
855 1637 1074 1694 Accusatorum
1097 1643 1195 1694 autem
1218 1637 1310 1694 alium
1333 1637 1384 1695 alii
1408 1657 1475 1713 par·

146 1753 204 1802 tem
229 1740 372 1816 temporis
396 1739 452 1797 sibi
474 1737 535 1795 dati
557 1737 719 1802 concedere
742 1739 876 1816 potuisse
899 1738 988 1796 etiam
1010 1735 1116 1796 Cicero
1138 1737 1335 1815 significati).

230 1843 353 1902 Aediles
375 1841 406 1899 in
427 1841 494 1917 lege
510 1859 573 1898 cum
589 1839 631 1898 ita
646 1841 847 1911 nominantur,
872 1846 904 1898 ut
918 1840 1029 1916 pariter
1043 1848 1133 1916 atque
1147 1841 1237 1898 llviri
1252 1843 1346 1900 creari
1362 1841 1405 1918 (5,
1419 1840 1472 1917 29)
1497 1846 1604 1896 Aediles

146 1948 305 2006 iubeantur
332 1945 502 2020 pariterque
524 1941 733 2001 decurionibus
755 1945 958 2018 obtemperare
986 1941 1000 2017 (
1008 1943 1035 2014 7,
1054 1941 1120 2019 32),
1147 1953 1208 2002 tum
1230 1945 1353 2022 propria
1374 1963 1476 2003 corum

148 2049 250 2107 officia
276 2051 545 2106 commemorantur
564 2045 639 2102 iuris
662 2045 752 2104 dictio
775 2046 820 2119 (l,
842 2044 900 2119 29)
923 2053 953 2103 ει
974 2045 1171 2104 munitionum
1194 2047 1317 2106 indictio
1340 2047 1391 2121 (3,
1411 2045 1476 2122 29),

148 2169 274 2228 quarum
297 2149 351 2207 illa
372 2155 444 2208 nota
464 2155 525 2220 cst,
554 2147 624 2206 hace
650 2157 706 2234 aut
723 2149 826 2224 ignota
846 2155 898 2205 aut
920 2157 998 2206 certe
1020 2167 1126 2225 parum
1150 2146 1306 2225 testata4).
1350 2148 1478 2208 Videtur
1587 2229 1588 2234 ἵ

148 2263 248 2312 tamen
270 2251 415 2310 eiusmodi
437 2269 518 2320 cura,
541 2258 699 2328 postquam
720 2250 899 2327 locupletem
921 2261 1073 2309 auctorem
1095 2259 1182 2310 nacta
1201 2262 1257 2324 est,
1279 2261 1358 2311 recte
1373 2252 1477 2311 referri

148 2357 187 2414 ad
208 2357 304 2432 ipsam
320 2354 432 2412 urbem.
465 2350 544 2410 Nam
561 2354 691 2412 munium
707 2352 946 2428 quotidianorum
963 2353 1135 2429 primarium
1152 2373 1250 2412 curam
1266 2355 1378 2412 viarum
1395 2356 1477 2413 urbis

148 2457 373 2516 muniendarum
394 2454 604 2514 terrendorum
627 2454 852 2513 reficiendarum
874 2474 961 2513 nemo
984 2456 1101 2534 ignorat
1122 2458 1242 2534 proprie
1265 2465 1418 2534 spectasse
1441 2458 1478 2514 ad

150 2560 276 2631 aedilcs3
304 2565 486 2636 quapropter
512 2576 572 2634 quo
592 2567 725 2634 tempore
747 2557 812 2616 viae
842 2558 1010 2634 similiaque
1032 2577 1093 2617 non
1115 2578 1168 2635 per
1189 2560 1392 2637 redemptores
1413 2579 1477 2618 mu-

148 2662 320 2732 niebantur,
348 2661 402 2720 sed
424 2660 490 2718 sola
510 2661 617 2718 civium
641 2678 733 2737 opera
753 2681 771 2718 a
793 2661 1017 2736 magistratibus
1039 2660 1164 2734 indicta,
1192 2662 1313 2721 indictio
1336 2663 1477 2722 aedilium

149 2765 242 2824 fuerit
266 2780 389 2823 necesse
416 2773 471 2822 est.
492 2795 532 2805 -
560 2760 618 2822 Sed
645 2769 677 2820 ιιι
702 2763 775 2821 haec
800 2771 877 2822 recte
905 2765 1086 2822 conveniunt
1112 2764 1150 2822 iis
1173 2783 1249 2841 quae
1273 2764 1309 2822 de
1332 2765 1478 2824 aedilibus

149 2877 307 2945 praeterea
327 2866 438 2924 tradita
458 2864 612 2935 habemus,
635 2865 677 2923 ita
698 2865 804 2923 mirum
825 2875 871 2924 cst
886 2866 915 2924 in
932 2865 1124 2924 decurionum
1140 2867 1266 2925 decretis
1282 2867 1426 2926 faciendis
1442 2867 1479 2926 de

151 2971 242 3028 rebus
263 2968 358 3027 sacris
382 2967 425 3044 (7,
444 2965 507 3042 12),
532 2966 569 3024 de
591 2978 726 3026 senatore
747 2967 853 3044 populi
875 2968 1004 3027 Romani
1024 2977 1150 3046 patrono
1172 2970 1327 3046 hospitare
1350 2969 1478 3030 creando
1535 2955 1536 2958 Ἴ

152 3073 196 3149 (7,
213 3070 261 3130 39.
279 3068 343 3146 52),
367 3069 403 3128 de
425 3070 551 3146 pecunia
573 3070 690 3146 publica
711 3069 898 3129 decernenda
919 3071 962 3146 (8,
979 3071 1033 3147 39)
1056 3071 1190 3130 duoviris
1211 3081 1355 3150 perpetuo
1378 3073 1479 3147 aequi·
1528 3071 1531 3080 ’

152 3174 253 3251 parari
275 3173 396 3244 aediles,
419 3190 485 3231 eum
509 3171 597 3230 aedili
618 3173 665 3230 ius
688 3172 833 3231 referendi
856 3193 915 3232 non
937 3174 1032 3232 fuisse
1054 3183 1083 3232 et
1102 3175 1147 3233 rei
1168 3174 1304 3252 publicae
1325 3175 1479 3234 Romanae

152 3276 335 3354 comparatio
361 3273 500 3340 ostendat
526 3283 555 3332 et
581 3275 659 3350 quod
684 3275 714 3332 in
738 3284 781 3333 tot
801 3275 927 3335 decretis
949 3276 1180 3354 municipalibus
1202 3277 1316 3335 nullum
1337 3286 1421 3335 extat
1442 3278 1478 3336 ab

151 3378 300 3438 eiusmodi
323 3378 501 3453 magistratu
523 3375 679 3453 factum5).
724 3377 864 3449 Accedit,
887 3379 968 3455 quod
990 3378 1026 3437 dc
1048 3391 1174 3456 patrono
1196 3380 1323 3458 creando
1345 3399 1411 3438 cum
1433 3379 1479 3438 bis

151 3491 262 3559 agetur
279 3479 310 3537 in
331 3479 415 3538 hisce
436 3479 559 3549 tabulis,
581 3479 673 3550 altero
696 3479 762 3536 loco
786 3479 900 3556 (3,13)
922 3481 959 3538 de
981 3501 1017 3540 ea
1037 3501 1069 3538 re
1092 3482 1182 3540 refert
1195 3481 1274 3540 llvir
1295 3482 1407 3558 quique
1424 3500 1479 3558 pro

151 3591 302 3668 potestate
323 3591 377 3654 est,
399 3581 431 3640 id
445 3591 490 3641 est
504 3580 582 3638 llvir
596 3581 811 3660 praefectusve,
833 3581 927 3642 altero
950 3583 995 3660 (7,
1011 3583 1064 3659 39)
1087 3583 1166 3642 llvir
1180 3584 1287 3643 aedilis
1302 3584 1479 3660 praefectus.

231 3851 255 3913 ¹)
284 3852 381 3902 Aseou.
401 3851 428 3900 iu
447 3849 539 3900 Milon.
556 3865 580 3915 p.
596 3847 636 3901 tt.
656 3851 699 3901 40.
719 3852 763 3902 42.
801 3850 893 3902 Cicero
912 3851 944 3900 de
965 3853 1006 3902 fin.
1026 3853 1138 3915 4,1,1.
1176 3851 1249 3902 Brut.
1267 3853 1310 3914 94,
1326 3853 1387 3902 324.
1426 3852 1479 3902 Dio

153 3947 198 4009 40,
215 3945 259 3996 52.

231 4034 256 4098 ²)
283 4037 315 4086 In
339 4035 538 4099 repetundarum
562 4035 668 4098 iudicio,
694 4035 763 4101 quod
785 4034 816 4086 dc
835 4037 866 4086 L.
885 4036 979 4087 Flacco
998 4037 1094 4088 fectum
1114 4045 1167 4098 est,
1192 4037 1359 4102 subscripturi
1378 4053 1480 4089 accusa·

154 4130 233 4180 tionis
252 4145 298 4179 sex
316 4129 394 4178 horas
412 4129 456 4178 lex
476 4127 555 4178 dabat
575 4127 641 4188 (adn.
656 4127 692 4191 3).

232 4219 256 4284 ⁸)
286 4221 378 4271 Cicero
397 4235 444 4284 pro
462 4220 557 4270 Flacco
575 4221 614 4282 32,
631 4223 679 4271 82ι
705 4221 746 4271 cai
764 4237 807 4270 sea
825 4219 903 4271 iores
922 4223 1019 4272 omniuo
1040 4221 1079 4272 lex
1094 4221 1179 4284 dedit,
1201 4230 1317 4290 meantum
1337 4222 1434 4274 tandem
1452 4239 1482 4274 ca·

120 4297 123 4302 ’
154 4313 196 4365 dis
214 4311 285 4363 loris
304 4311 454 4374 detruderet,
476 4313 500 4361 si
519 4311 669 4363 filimerem
688 4328 775 4380 perere
793 4314 930 4364 coluisset!
968 4315 1112 4366 Postulavit
1129 4317 1207 4380 igitur
1226 4316 1326 4366 delator
1344 4317 1446 4367 Laelius
1466 4333 1481 4367 a

153 4407 327 4471 subscriptore
346 4405 478 4468 Deciano,
498 4412 526 4456 ut
549 4413 621 4471 parte
638 4408 760 4472 temporis
780 4407 828 4457 sibi
848 4407 958 4469 cederet,
979 4408 1048 4472 quod
1068 4423 1124 4458 eam
1144 4424 1197 4458 non
1216 4409 1351 4471 obtineret,
1372 4410 1404 4458 de
1424 4425 1480 4475 per-

152 4499 218 4549 fidia
236 4498 347 4548 Deciani
366 4505 469 4564 questus
488 4505 534 4548 cst.

231 4589 256 4652 ⁴)
282 4592 307 4640 A
326 4587 686 4672 MarquardtioUStuatseerw.
708 4595 732 4653 1,
752 4592 803 4642 491
831 4593 938 4657 aliisque
963 4594 1007 4658 qui
1033 4593 1139 4644 affertur
1163 4595 1234 4644 locus
1255 4594 1394 4661 Papiniani
1419 4595 1481 4660 Dig.

154 4685 302 4746 43,10‚1,
322 4685 344 4733 is
363 4685 397 4734 ad
416 4691 559 4734 curatorem
580 4686 708 4749 municipii
727 4687 851 4749 pertinet,
871 4669 924 4735 non
943 4686 977 4736 ad
995 4686 1118 4748 aedilem;
1140 4701 1200 4736 nam
1220 4688 1309 4738 aedilis
1329 4675 1482 4756 ἆγορανᾶμος

154 4785 202 4839 εει,
226 4791 277 4827 non
303 4763 449 4842 ιῖστιινόμος.
486 4777 541 4826 Νεε
567 4765 644 4842 magis
667 4777 716 4826 huc
740 4777 868 4842 pertinent
886 4778 952 4828 titali
972 4779 1007 4827 ibi
1027 4780 1097 4828 citati
1118 4779 1263 4830 Orellianus
1277 4781 1348 4831 3973
1368 4789 1393 4830 et
1411 4782 1433 4831 I.
1447 4781 1480 4831 N.

158 4869 243 4932 14813
272 4883 332 4918 nam
361 4885 419 4918 cum
445 4868 542 4919 aediles
567 4870 593 4918 in
617 4869 659 4920 illo
684 4871 711 4919 in
734 4871 802 4919 viam
828 4877 923 4920 certam
947 4886 1073 4922 summam
1099 4873 1200 4922 dedisse
1224 4873 1353 4934 dicantur,
1382 4873 1408 4922 in
1432 4874 1482 4922 hoc

154 4964 226 5012 riam
250 4961 372 5026 lacusque
396 4961 499 5023 fecisse,
524 4961 560 5010 ibi
585 4961 676 5011 diserte
701 4962 805 5012 additur
825 4963 852 5012 id
871 4977 915 5012 eos
934 4961 1025 5014 fecisse
1045 4963 1223 5026 ob'feoaorcm,
1248 4966 1290 5018 hic
1309 4981 1369 5016 vero
1388 4966 1481 5031 proba-

154 5055 243 5105 biliter
265 5053 335 5103 idem
360 5054 524 5118 intellegitur.
562 5055 600 5102 At
624 5069 685 5118 quae
709 5054 742 5103 ob
767 5055 891 5105 honorem
917 5057 995 5118 fiunt,
1022 5073 1074 5108 uon
1098 5059 1163 5108 liunt
1186 5074 1232 5123 pro
1256 5065 1390 5123 potestate.
1427 5059 1482 5110 Nec
1542 5085 1544 5088 v

155 5147 239 5212 magis
259 5146 334 5196 utiles
355 5152 413 5196 sunt
433 5145 499 5195 tituli
518 5146 614 5196 similes
633 5147 681 5208 alii,
702 5154 729 5196 ut
749 5148 825 5197 coll
845 5148 947 5198 neue.
964 5150 1043 5200 1490.

235 5235 259 5299 ⁵)
288 5237 357 5289 Vide
377 5253 468 5290 comm.
489 5253 574 5289 meum
594 5239 627 5288 ad
641 5241 711 5305 leges
730 5239 833 5292 Flavias
851 5256 877 5306 p.
897 5241 959 5292 444.
