3510 5820
312 551 358 646 14
898 569 1038 620 nmaan

307 743 367 820 piei
398 741 583 800 dedicatione
611 741 783 819 Olympium
816 761 922 800 nomen
953 742 1076 800 duxisse
1105 743 1331 818 imperatorem,
1363 741 1491 818 indeque
1522 742 1633 817 insigni

307 843 487 903 adulationis
511 862 619 920 genere
641 845 841 903 Athenienses
862 862 969 902 novam
992 842 1205 920 Olympiadum
1228 844 1334 901 seriem
1356 844 1513 919 repetiisse
1535 843 1634 902 sciunt

307 963 420 1005 omnes.
459 945 636 1004 Dedicatum
659 954 757 1004 autem
780 955 826 1003 est
847 944 1038 1021 Olympicum
1062 964 1089 1003 a.
1109 945 1176 1004 132.
1214 943 1632 1004 of.corsrniasnnrr.11

307 1070 335 1126 p.
354 1049 412 1107 105
424 1066 488 1125 sqq.
534 1045 676 1125 Sequitur
698 1047 814 1106 titulum
835 1047 913 1105 inter
934 1045 1157 1104 almerita
1182 1047 1310 1124 positum
1333 1064 1409 1105 esse.

307 1289 396 1348 XIII.
439 1289 475 1346 In
497 1288 557 1346 alia
577 1287 650 1347 Pau.
692 1287 740 1345 Ad
762 1307 958 1346 marmoream
981 1287 1066 1344 busin
1088 1287 1118 1344 in
1140 1287 1301 1346 Traianum
1326 1285 1485 1346 Caesarem
1507 1287 1583 1346 t'att.

388 1453 576 1546 Αὐτοκράτορι
605 1464 609 1540 Ι
637 1451 745 1545 Nipcva
771 1461 903 1544 Τραιανῶ
929 1462 934 1538 Ι
964 1453 1083 1543 Καίσαρι
1109 1451 1212 1542 ἆρῖπω
1242 1461 1246 1538 Ι
1274 1452 1422 1526 Σεβαστῶ
1441 1462 1603 1544 separarum]
1625 1462 1629 1539 Ι

390 1566 506 1622 Assaraci
525 1559 667 1647 Παρθικῶ
688 1553 882 1646 «χαριστήριον.

307 1739 342 1800 O.
357 1741 381 1799 1.
399 1739 489 1800 2178.
533 1735 634 1798 Conze
651 1736 771 1796 Lesbos
797 1755 826 1814 p.
845 1737 880 1794 13
898 1736 963 1807 fin,
991 1737 1041 1812 qui
1067 1737 1197 1813 lapidem
1223 1757 1308 1797 muro
1334 1739 1460 1797 infixum
1486 1739 1632 1816 Mytilene

207 1867 209 1876 ¹
305 1844 422 1902 videtur
436 1842 556 1900 vidisse.
590 1839 726 1910 Videtur,
747 1840 878 1916 inquam.
912 1837 991 1897 Nam
1009 1839 1107 1898 minus
1122 1841 1280 1918 perspicue
1295 1842 1347 1912 ait,
1368 1841 1445 1899 hanc
1459 1860 1548 1918 quarn
1564 1842 1630 1917 ipse

214 2017 217 2028 Ι
305 1947 431 2004 vidisset
452 1945 538 2004 basin
559 1951 766 2021 praeterquam
788 1943 868 2018 quod
891 1959 995 2000 versus
1016 1941 1117 2016 paullo
1140 1942 1226 2001 aliter
1247 1942 1335 2000 divisi
1357 1955 1386 2000 et
1406 1943 1543 2002 NERBA
1560 1943 1630 2018 (etc)

305 2068 361 2126 pro
385 2049 534 2106 ΝΕΡΟΥΑ
557 2045 698 2120 scriptum
720 2053 810 2120 esset,
833 2051 970 2102 accurate
993 2044 1148 2103 concinere
1168 2063 1233 2102 curn
1256 2044 1343 2103 titulo
1366 2043 1400 2104 O.
1416 2045 1440 2102 1.
1458 2043 1549 2104 7178.
1588 2047 1631 2103 At

305 2151 384 2210 enim
405 2149 513 2208 mirum
535 2147 565 2205 ni
588 2145 732 2224 Cyriacus
754 2147 782 2204 R
803 2145 929 2204 formam
951 2152 981 2203 et
1002 2136 1098 2222 Niplda
1120 2146 1298 2221 scripturam
1320 2146 1588 2205 animadvertisset.

389 2250 461 2310 Η
485 2254 603 2307 ΚΑΙΣΑ.
625 2269 652 2306 v.
676 2248 800 2325 praefat.
817 2281 856 2291 —
878 2246 1002 2306 Positus
1025 2248 1130 2306 titulus
1151 2249 1228 2307 inter
1250 2249 1321 2306 anni
1339 2249 1396 2307 115
1418 2258 1533 2326 partem
1555 2249 1630 2308 alte·

305 2359 478 2430 ram,‘quae
493 2351 626 2410 Traiano
647 2349 780 2408 Parthici
803 2367 966 2426 cognomen
990 2349 1058 2407 tulit
1078 2357 1107 2408 11
1128 2351 1197 2409 anni
1216 2351 1273 2408 117
1296 2368 1427 2410 mensem
1449 2353 1630 2428 Augustum,

305 2475 364 2533 quo
393 2464 528 2514 mortuus
554 2461 609 2512 est.
657 2450 704 2511 cf.
731 2451 879 2510 Dierauer
906 2453 975 2510 hist.
1003 2451 1126 2509 Traiani
1154 2451 1183 2509 in
1211 2451 1381 2528 Buedinger
1407 2451 1586 2514 Untersuch.
1612 2453 1630 2511 I

307 2559 365 2618 166
378 2578 422 2635 sq.
444 2559 512 2616 adu.
530 2556 558 2614 6.

303 2799 389 2859 xav.
433 2797 468 2856 In
489 2797 599 2874 templo
619 2761 854 2854 beatianam.

788 2943 789 2946 Ἴ
874 2954 909 3011 Ὁ
931 2950 1050 3032 ι’[ἇΙμος

382 3054 575 3146 αὐτοκράτορα
597 3051 725 3144 Τιβέριον
754 3055 885 3142 Καίσαρα
912 3048 1079 3125 {iidoc-rev,
1106 3052 1197 3114 naida
1223 3051 1288 3118 Διός
1317 3051 1460 3143 Καῖταρσς
1480 3052 1626 3125 ’occario

382 3155 568 3240 Esssuiur[w]‚
590 3165 678 3220 κοῖνον
700 3151 748 3229 μὲν
769 3163 822 3222 τᾶς
843 3157 1031 3236 οἷκ[ου]με’νας
1052 3151 1263 3244 e[vi]cp·y.1'[rnr]‚
1285 3163 1338 3220 cris
1360 3151 1389 3218 di
1412 3151 1509 3229 ἆμμας
1530 3153 1628 3221 πόλιος

382 3257 606 3344 ἐπιφανέστατον
627 3255 674 3322 nai
696 3256 822 3322 urr'cvrtv.

299 3445 497 3501 ΣΕΒΑΣΤΟΝ
525 3441 728 3500 accusativum
755 3438 785 3496 in
812 3437 982 3516 genetivum
1010 3436 1141 3510 correxi3
1168 3455 1250 3496 error
1276 3446 1399 3515 propter
1426 3438 1627 3497 accusativum

299 3545 435 3623 proxime
464 3551 636 3619 sequentem
657 3541 757 3600 facilis
780 3548 853 3598 erat.
898 3542 1115 3596 ΕΝΕΡΓΕΤΑΣ
1137 3539 1257 3615 scripsit
1277 3539 1419 3598 librarius
1441 3541 1625 3618 syllabarum

299 3635 491 3706 siinilitudine
514 3646 665 3723 deceptus.
697 3641 809 3701 Nescio
832 3660 892 3719 qua
913 3641 1104 3718 potissimum
1122 3661 1154 3699 re
1170 3641 1308 3700 Tiberius
1326 3642 1362 3700 de
1377 3642 1625 3718 Mytilenaeorum

245 3761 248 3768 ’
300 3749 419 3809 civitate
441 3749 563 3808 meritus
584 3746 688 3817 suerit;
711 3746 765 3804 sed
787 3763 845 3803 non
869 3745 899 3803 in
921 3743 1093 3802 universum
1115 3763 1181 3802 eum
1203 3743 1321 3802 laudari
1343 3754 1475 3822 apparet.

298 3988 367 4047 XV.
409 3984 534 4047 ‘Atticae
555 3986 779 4062 antiquissimae
800 3978 940 4044 litterae’.
976 3981 1076 4042 Locus
1098 3985 1147 4043 ubi
1169 3992 1304 4061 repertus
1326 3985 1445 4044 sitnon
1467 3985 1626 4058 indicatur,

341 4090 394 4150 aed
409 4089 590 4167 praecedunt
610 4089 690 4148 tituli
711 4088 893 4165 Mytilenaei.

694 4253 835 4322 ’Aurariae
855 4250 1050 4343 Λυσικράτους
1070 4254 1226 4331 Ἀθηναῖος

299 4435 392 4508 Cuius
415 4438 523 4496 aetatis
544 4437 659 4496 litteras
682 4437 829 4513 significet
849 4433 998 4513 Cyriacus
1020 4435 1136 4510 ignoro.

298 4677 383 4736 XVI.
425 4677 463 4735 In
485 4675 589 4736 tabula
609 4695 784 4736 marmorea.

297 4851 332 4909 ln
359 4851 417 4909 hoc
442 4850 530 4909 titulo
556 4858 607 4910 aut
633 4849 812 4928 explicando
839 4857 891 4908 aut
915 4849 1100 4910 emendando
1122 4852 1165 4909 ita
1186 4851 1284 4910 oleum
1307 4856 1336 4908 et
1357 4868 1477 4926 operum
1501 4850 1625 4927 perdidi,

299 4963 330 5011 ut
352 4971 388 5010 ne
410 4953 466 5011 hoc
488 4953 607 5029 quidem
630 4963 812 5030 compertum
835 4952 971 5023 habeam,
994 4971 1071 5029 quae
1090 4971 1137 5012 res
1153 4961 1268 5032 agatur.
1300 4951 1449 5011 Videntur
1463 4953 1625 5032 architecto

297 5054 414 5113 cuidam
440 5075 478 5113 cx
505 5065 626 5114 senatus
653 5055 815 5132 populique
837 5055 1013 5113 auctoritate
1036 5087 1074 5098 —
1098 5055 1128 5113 id
1151 5055 1231 5132 quod
1258 5055 1420 5113 ostendunt
1440 5053 1626 5130 praescripta

296 5157 389 5213 verba
415 5149 525 5233 ἀγαθῇ
545 5145 629 5238 τύχῃ
655 5167 876 5235 -praecepta
902 5155 981 5228 dari,
1011 5164 1043 5214 ut
1068 5157 1170 5216 nescio
1195 5157 1310 5216 fossam
1338 5175 1376 5214 an
1396 5157 1476 5216 viam
1501 5175 1539 5214 an
1561 5175 1626 5214 mu·

296 5277 361 5316 rum
384 5266 532 5318 vetustate
552 5258 673 5334 lapsum
694 5259 861 5319 dirutumve
882 5259 1024 5320 reficeret.
1059 5257 1186 5318 Frustra
1207 5278 1245 5318 cx
1260 5257 1355 5317 titulis
1371 5257 1625 5336 scriptoribusque
