3510 5820
228 515 229 518 ¹
324 440 370 558 ib
878 521 879 526 ,
916 499 1065 560 assuas

321 683 419 757 iisque
454 681 563 756 partim
593 682 692 741 dubiis
720 692 891 754 versantur3
927 701 1020 758 quare
1051 682 1134 758 leges
1162 700 1237 759 quas
1263 682 1332 740 inde
1360 682 1504 741 deducere
1534 682 1656 742 student

323 782 475 861 generales
502 802 606 858 parum
633 791 731 858 certae
759 793 838 844 sunt.
883 782 972 857 Quod
1000 773 1096 860 siquis
1117 785 1220 843 vitium
1242 784 1364 843 omnino
1387 785 1482 843 vitare
1504 786 1599 858 volet,
1625 785 1654 843 ei

322 906 341 945 a
361 885 587 961 quaestionibus
608 887 855 964 onomatologicis
878 907 955 946 nunc
977 887 1096 965 quidem
1119 905 1244 963 prorsus
1267 888 1476 945 abstinendum
1498 897 1554 946 est.
1598 886 1654 946 Ni-

322 988 385 1046 hilo
406 1007 478 1047 uero
506 988 598 1048 setius
621 990 716 1048 visum
745 991 819 1048 mihi
846 999 893 1048 est
914 1010 931 1048 e
953 1008 985 1047 re
1008 1008 1076 1048 esse
1101 1009 1140 1048 ex
1163 989 1270 1048 studiis
1293 989 1366 1048 olim
1387 990 1535 1048 incohatis
1556 1007 1654 1066 neque

323 1110 394 1148 vero
421 1095 550 1166 uuquam
578 1093 721 1169 sepositis
747 1094 779 1150 ia
805 1092 958 1169 singulare
980 1092 1131 1168 quoddam
1153 1094 1305 1151 nominum
1327 1109 1421 1168 genus
1443 1093 1654 1150 illustrandum

321 1193 394 1270 quid
415 1192 582 1252 redundare
602 1195 701 1272 possit
715 1195 852 1254 utilitatis
866 1195 977 1254 iudicio
992 1195 1154 1272 peritorum
1170 1194 1314 1265 subicere,
1337 1195 1453 1252 etiamsi
1468 1194 1654 1270 quaestionis

321 1295 547 1355 fundamentum
569 1317 630 1356 non
652 1314 746 1374 usque
769 1315 888 1373 quaque
909 1297 1027 1356 firmum
1050 1307 1079 1355 et
1100 1297 1272 1356 absolutum
1294 1314 1360 1354 esse
1382 1315 1442 1355 non
1463 1297 1579 1372 ignoro.

406 1395 496 1472 Quod
516 1399 702 1476 grammatici
724 1400 831 1459 docent
853 1400 974 1458 uomina
990 1399 1143 1476 gentilicia
1157 1399 1294 1457 Romana
1313 1400 1342 1457 in
1359 1403 1403 1457 ius
1422 1398 1548 1457 formari
1562 1398 1657 1456 solita

323 1518 405 1574 esse,
429 1501 460 1559 id
487 1519 543 1561 usu
565 1520 683 1579 quoque
705 1503 892 1580 comprobari
914 1509 1018 1560 notum
1040 1509 1101 1572 est;
1128 1521 1195 1560 nam
1218 1503 1340 1560 nomina
1361 1501 1494 1577 gentium
1515 1501 1655 1577 patricia-

321 1622 388 1663 rum
415 1613 563 1681 quotquot
583 1606 722 1664 novimus
743 1605 826 1664 nullo
849 1613 991 1681 excepto,
1016 1605 1087 1662 item
1110 1603 1274 1662 nobilitatis
1297 1603 1434 1678 plebeiae
1455 1611 1570 1662 tantum
1593 1623 1655 1662 non

323 1708 424 1766 omnia
445 1709 476 1766 in
497 1711 542 1764 ias
563 1704 810 1784 terminantur¹).
844 1707 960 1765 Tamen
981 1714 1099 1783 praeter
1121 1705 1264 1765 suffixum
1286 1704 1366 1781 quod
1387 1715 1434 1764 est
1454 1709 1499 1764 ias
1522 1705 1599 1780 (sive
1605 1709 1654 1780 ja,

324 1819 356 1867 ut
382 1829 448 1868 cum
475 1810 684 1888 grammaticae
710 1817 900 1886 comparatae
924 1809 1097 1868 doctoribus
1120 1806 1289 1884 loquamur)
1316 1825 1393 1883 quas
1421 1807 1511 1866 etiam
1537 1808 1655 1885 origine

323 1913 361 1971 ab
386 1912 453 1990 ipso
480 1932 540 1971 non
567 1913 686 1972 diversa
707 1909 845 1971 videntur
864 1911 960 1970 fuisse
982 1930 1050 1970 aeus
1073 1910 1166 1987 (quod
1190 1909 1355 1986 antiquitus
1377 1913 1442 1968 aius
1464 1910 1535 1980 fuit,
1564 1909 1654 1970 Oscis

321 2014 449 2074 fortasse
471 2034 557 2089 auus,
583 2015 693 2074 rustice
716 2015 783 2091 eus)
811 2023 840 2073 et
862 2018 922 2076 eius
944 2013 1055 2072 suffixa
1081 2014 1162 2072 omni
1185 2022 1319 2090 tempore
1340 2012 1561 2088 gentiliciorum
1584 2033 1655 2090 pro·

322 2117 390 2194 pria
411 2119 542 2190 fuerunt,
565 2126 598 2176 ut
619 2120 650 2178 in
665 2117 803 2178 Annaeus
819 2117 974 2194 Poppaeus
995 2125 1026 2176 et
1040 2114 1183 2174 Lucceius
1197 2109 1348 2191 Pompeius
1371 2131 1437 2173 cum
1456 2113 1654 2192 similibus2).

323 2217 383 2281 Sed
404 2238 441 2278 ne
462 2220 494 2279 in
515 2221 573 2279 hac
595 2222 716 2298 quidem
739 2239 807 2278 aeus
830 2224 889 2277 aas
910 2223 955 2277 r'as
978 2218 1154 2276 suffixorum
1178 2225 1371 2293 cognatorum
1395 2217 1538 2276 varietate
1558 2221 1656 2296 genti·

322 2323 458 2381 liciorum
480 2324 633 2382 nominum
655 2323 795 2381 formatio
816 2339 883 2381 sese
905 2322 1061 2382 continuit.
1093 2319 1137 2379 Ut
1157 2337 1251 2379 novae
1274 2338 1392 2395 semper
1414 2329 1518 2398 gentes
1540 2323 1657 2381 nomini

322 2423 431 2483 Latino
458 2435 649 2486 accesserunt
675 2426 803 2502 indeque
829 2423 985 2501 paullatim
1012 2423 1159 2481 succrevit
1184 2423 1314 2499 populus
1336 2422 1491 2481 Romanus
1518 2442 1572 2499 per
1592 2425 1657 2482 lta-

323 2528 394 2586 liam
421 2524 451 2587 st
472 2537 559 2587 extra
580 2548 645 2586 eam
668 2529 698 2585 in
719 2528 892 2605 provincias
915 2542 1053 2603 sparsus,
1080 2526 1124 2584 ita
1145 2543 1241 2583 novae
1263 2533 1444 2600 propagatae
1467 2533 1543 2584 sunt
1558 2527 1657 2604 genti-

322 2629 459 2690 liciorum
482 2631 634 2690 nominum
655 2631 780 2702 formae,
802 2648 888 2706 quac,
910 2635 944 2686 ut
965 2628 1036 2686 illas
1057 2628 1178 2705 proprie
1199 2625 1327 2686 Latinas
1350 2628 1447 2686 dicere
1469 2627 1546 2698 licet,
1569 2647 1657 2706 pere·

322 2733 425 2810 grinae
451 2733 570 2808 quidem
591 2733 712 2792 fuerunt
733 2732 862 2808 origiue,
890 2731 943 2790 sed
964 2739 1064 2788 tamen
1086 2730 1192 2789 eodem
1214 2736 1305 2805 utque
1327 2728 1397 2788 illae
1418 2729 1482 2788 iure
1504 2732 1656 2790 communi

322 2853 378 2893 usu
401 2835 544 2911 receptae.
581 2836 630 2894 Ita
644 2835 763 2894 Tuscae
786 2834 910 2911 originis
933 2833 1054 2891 nomina
1075 2833 1213 2890 novimus
1236 2832 1267 2890 in
1288 2849 1357 2890 arna
1379 2829 1473 2909 (quod
1488 2851 1563 2892 urnu
1578 2835 1656 2892 anti-

325 2936 426 3012 quitus
448 2937 504 2996 fuit
527 2947 559 2996 ut
579 2938 610 2997 in
625 2937 795 3014 Masturnu)
818 2944 848 2994 et
869 2955 952 3006 sunu,
974 2935 1066 2994 veluti
1081 2934 1231 3010 Perperna
1249 2934 1409 3009 reprensa,
1432 2952 1569 3011 quaeque
1587 2955 1657 2996 cum

325 3039 373 3097 his
395 3046 459 3098 arte
480 3039 639 3099 coniuncta
660 3041 780 3099 suntin
802 3043 852 3097 ino
874 3053 904 3096 et
924 3042 1003 3110 iana,
1026 3037 1109 3095 velut
1134 3035 1259 3096 Caecina
1276 3035 1439 3114 Spurinna3
1462 3034 1605 3098 Umbriae
1627 3047 1660 3098 et

327 3138 506 3202 Sabinorum
532 3142 655 3220 propria
680 3150 751 3202 sunt
776 3141 904 3200 formata
928 3140 958 3198 in
979 3158 1054 3200 ,unas
1076 3158 1144 3198 usas
1170 3138 1265 3214 (quod
1292 3138 1456 3215 antiquitus
1481 3138 1539 3198 luit
1559 3144 1659 3200 unctis

325 3244 430 3320 matis)
452 3231 568 3303 atinus
589 3243 716 3320 (inuris),
739 3244 823 3304 cuius
844 3242 961 3320 generis
984 3241 1073 3300 etiam
1096 3241 1276 3320 cognomina
1296 3241 1443 3322 nonnulla
1463 3243 1496 3301 in
1518 3261 1574 3302 usu
1592 3243 1660 3304 fue·

325 3346 445 3423 runt³).
478 3347 634 3410 Accedunt
654 3348 769 3406 rariora
790 3346 936 3423 quaedam
958 3346 990 3403 in
1013 3363 1082 3404 uuus
1099 3341 1229 3414 Galliae,
1251 3344 1282 3402 in
1302 3346 1364 3402 icus
1378 3343 1501 3402 Africae
1522 3355 1553 3403 et
1566 3344 1660 3405 Lusi·

325 3449 424 3508 taniae
446 3450 578 3527 propria,
601 3449 683 3508 velut
706 3450 864 3508 Auidiacus
889 3448 1040 3508 Caturicus
1063 3447 1223 3522 Pupusicus
1246 3445 1453 3506 Sammonicus.

408 3553 509 3628 Atque
537 3553 575 3610 ab
602 3552 780 3629 oppidorum
807 3550 975 3610 nominibus
1004 3549 1137 3607 derivata
1162 3566 1229 3607 esse
1255 3547 1378 3608 nomina
1401 3550 1433 3607 in
1455 3567 1528 3608 anas
1555 3547 1659 3625 (cuius

326 3654 422 3713 solum
444 3655 574 3713 innotuit
593 3655 762 3731 exemplum
784 3654 922 3727 Mesenae
945 3650 1152 3727 orenaoso)
1175 3670 1243 3709 enas
1266 3655 1331 3710 inas
1355 3650 1487 3727 (Adenas
1507 3651 1659 3727 Asprenas

330 3754 471 3846 Curripua
494 3758 630 3834 Felpinas
653 3758 781 3816 Fidenas
803 3756 944 3830 Fblpr'nas
966 3753 1096 3814 Larinas
1117 3753 1270 3812 Maecenas
1293 3751 1433 3812 Sassinas
1448 3753 1584 3814 Sentinas
1599 3751 1659 3812 Su-

319 3861 409 3934 fenas
436 3858 559 3919 Surinus
585 3855 727 3935 *Usenus,
754 3858 863 3935 quibus
890 3856 979 3915 etism
1007 3855 1231 3914 adnumeranda
1260 3864 1331 3914 sunt
1359 3854 1465 3914 Antius
1493 3868 1524 3914 et
1551 3855 1660 3914 Menas

325 3961 454 4022 Menates
476 3961 511 4021 C.
530 3962 555 4020 1.
575 3961 612 4020 L.
631 3962 647 4019 I
668 3961 726 4019 633
755 3971 785 4019 et
805 3960 987 4020 Umbrorum
1013 3955 1154 4034 Cupidus)
1182 3967 1234 4016 aut
1254 3977 1309 4034 per
1330 3976 1363 4016 se
1383 3967 1481 4034 patet,
1508 3977 1575 4016 cum
1601 3977 1658 4036 op·

326 4065 398 4140 pidu
419 4063 495 4124 unde
517 4063 689 4123 deriventur
710 4070 782 4121 nota
804 4063 878 4132 sint,
901 4069 952 4118 aut
975 4078 1117 4136 perquam
1140 4060 1293 4136 probabile
1315 4069 1370 4131 est,
1393 4061 1568 4137 praesertim
1590 4079 1658 4119 cum

325 4167 403 4225 idem
424 4166 535 4224 indicet
556 4165 702 4224 Varronis
725 4163 927 4223 testimonium
950 4161 1002 4239 (de
1022 4163 1043 4220 l.
1059 4162 1095 4221 L.
1119 4163 1136 4222 8
1153 4173 1229 4221 extr.
1252 4165 1316 4221 linc
1337 4181 1448 4239 quoque
1468 4163 1522 4220 illa
1536 4166 1661 4249 'numina

326 4264 438 4327 Lesas*
464 4267 571 4343 (lienus
596 4269 736 4328 Carrinas
759 4267 931 4336 Marenen
959 4284 1115 4342 quaecum
1137 4266 1283 4324 essentab
1306 4265 1381 4336 loco,
1409 4274 1442 4323 ut
1466 4265 1607 4336 Urbinas,
1630 4275 1662 4323 et

325 4389 402 4448 quae
428 4371 592 4446 secuntur).
637 4369 784 4427 Videntur
809 4369 901 4445 igitur
927 4368 1062 4428 homines
1088 4387 1127 4426 ex
1153 4367 1272 4444 oppidis
1296 4367 1360 4426 illis
1388 4365 1505 4426 oriundi
1532 4367 1661 4444 originis

325 4472 535 4531 indicationem
557 4492 613 4550 pro
634 4471 765 4530 familiae
787 4471 906 4530 nomine
927 4471 957 4528 in
979 4477 1116 4556 posteros
1131 4469 1359 4548 propagatum,
1381 4470 1512 4529 fortasse
1527 4479 1560 4528 ut
1574 4479 1660 4546 post-

406 4741 428 4804 ¹)
455 4733 531 4794 vide
542 4741 699 4792 Mommseui
716 4740 816 4790 indices
833 4741 861 4790 iu
880 4745 978 4805 quaest.
998 4739 1100 4790 Romi
1118 4755 1144 4804 p.
1160 4740 1254 4789 lOlss.

404 4833 429 4897 ²)
457 4833 530 4896 Quae
549 4849 601 4886 uon
620 4835 682 4883 satis
702 4840 820 4883 accurate
839 4833 957 4882 distinxit
975 4832 997 4881 is
1016 4832 1059 4896 qui
1079 4847 1160 4896 nuper
1176 4832 1201 4880 in
1221 4831 1385 4880 formationis
1405 4831 1459 4880 eiua
1472 4830 1575 4894 generis
1588 4831 1660 4895 leges
1697 4843 1700 4851 ’

327 4928 460 4994 inquisivit
478 4927 532 4978 Leo
551 4927 661 4992 Meyer
679 4926 863 4990 grammaticae
882 4923 999 4975 Graecae
1019 4931 1045 4972 et
1062 4924 1171 4974 Latinae
1190 4929 1355 4989 comparatae
1375 4924 1391 4972 2
1410 4939 1436 4987 p.
1450 4923 1504 4974 449
1512 4939 1547 4973 ss.

404 5018 429 5081 ⁸)
456 5021 553 5070 Eurum
576 5034 698 5084 generum
720 5019 841 5083 exempla
859 5031 924 5082 quse
943 5023 1003 5066 anta
1022 5015 1069 5065 hos
1089 5017 1180 5080 viginti
1200 5030 1281 5066 annos
1301 5016 1434 5081 composui
1453 5015 1481 5065 in
1500 5016 1659 5080 quaestioni·

327 5115 375 5164 bus
394 5113 607 5177 onomatologicis
628 5111 745 5171 (Bonnac
766 5111 837 5162 1854
858 5109 893 5172 8.)
912 5123 964 5159 nun
983 5109 1072 5174 paucis
1091 5109 1177 5175 sugeri
1196 5123 1265 5158 nuuc
1283 5113 1436 5173 possuntst
1454 5108 1483 5158 iu
1501 5108 1660 5174 quibusdam

328 5206 473 5268 emendam
492 5211 520 5254 ut
538 5211 736 5255 cousentaneum
755 5209 802 5254 est.
