3540 5828
413 513 716 574 onsaavnrrouas
743 523 1019 575 arronnrffloan
1037 521 1130 572 xvn.
1356 501 1427 572 251

866 625 1018 633 —--.

53 751 57 756 ,,
99 693 359 773 cumsapaeis1),
381 696 413 754 id
427 715 609 773 quamquam
629 697 737 756 mirum
752 706 808 768 est,
830 704 929 756 tamen
950 697 1014 754 fieri
1036 703 1145 773 potest,
1168 705 1200 753 ut
1220 712 1345 772 regnum
1365 694 1431 754 nui-

97 816 204 858 versae
219 797 367 856 Thraciae
387 809 526 875 coeptum
544 819 563 858 a
577 817 670 877 regno
686 798 876 877 Odrysarum
898 817 985 878 reges
1006 798 1146 858 habuerit
1166 797 1269 874 stirpis
1285 795 1429 873 Sapaeae,

97 901 211 978 regiam
232 920 297 960 eam
321 919 398 978 quae
419 901 478 960 fuit
498 911 587 961 antea
607 905 760 962 Asturum.
1173 901 1175 920 '

183 1006 215 1074 l.
254 999 369 1100 Cotys
391 1024 473 1099 genti
494 1024 623 1102 praefuit
644 1034 674 1083 et
696 1044 722 1083 a.
740 1023 799 1083 697
810 1021 839 1100 ²)
861 1031 891 1081 et
912 1041 972 1100 quo
995 1030 1128 1100 tempore
1150 1019 1265 1082 Caesar
1285 1021 1316 1080 in
1333 1020 1431 1081 Thes-

98 1127 174 1188 salia
196 1124 359 1185 debellavit
380 1145 405 1183 a.
424 1126 500 1198 706;
528 1146 597 1185 nam
618 1126 765 1203 Pompeio
795 1124 910 1184 auxilia
936 1125 1060 1184 miserat
1083 1123 1177 1202 Cotys
1201 1123 1349 1184 Thraciae
1374 1142 1431 1182 rex

98 1228 193 1289 filium
208 1225 350 1288 Sadalam
372 1247 438 1287 cum
461 1229 611 1306 equitibus
633 1227 857 1306 quingentisl),
878 1227 994 1304 fuitque
1010 1223 1122 1286 Sadala
1142 1229 1220 1287 inter
1235 1246 1296 1301 eos,
1320 1226 1430 1304 quibus

97 1341 168 1410 post
190 1331 344 1390 victoriam
368 1329 482 1391 Caesar
502 1331 667 1408 ignovit4).

180 1436 216 1506 ἲς
253 1431 426 1528 Sadalal)
453 1453 554 1530 paullo
580 1464 651 1530 post
676 1453 754 1531 patri
777 1453 960 1512 successisse
983 1451 1115 1524 videtur3
1146 1451 1220 1510 obiit
1240 1461 1340 1510 autem
1362 1469 1386 1509 o.
1403 1468 1430 1510 a.

100 1555 160 1615 712
172 1555 353 1616 testeDione
362 1554 404 1631 ὅ),
420 1556 471 1632 qui
487 1555 571 1614 addit
585 1575 653 1614 eam
669 1556 791 1632 stirpem
798 1555 912 1614 nullam
923 1563 994 1633 post
1008 1573 1041 1614 se
1055 1555 1213 1631 reliquisse
1230 1565 1260 1613 et
1273 1564 1433 1632 propterea

101 1666 279 1718 testamento
318 1676 442 1735 regnum
480 1657 599 1736 legasse
631 1659 791 1730 Romanis,
829 1658 919 1734 idque
957 1675 1121 1734 occupasse
1153 1657 1195 1715 M.
1229 1657 1355 1716 Brutum
1396 1675 1433 1715 eo

98 1763 165 1840 ipso
192 1770 325 1838 tempore
351 1761 382 1820 iu
403 1759 564 1821 Thraciam
587 1763 803 1822 advenientem.
847 1760 977 1819 Diversa
999 1760 1159 1837 Appianas
1180 1759 1431 1819 Polemocratiam

99 1865 141 1923 ait
167 1881 291 1923 uxorem
319 1863 473 1923 cuiusdam
500 1884 538 1922 ex
560 1865 671 1941 regulis
694 1865 857 1936 Thraciae,
885 1865 971 1923 cuius
993 1883 1102 1923 nomen
1131 1871 1234 1922 auctor
1255 1880 1315 1922 non
1337 1863 1432 1940 ponit,

100 1984 188 2026 caeso
208 1967 317 2026 marito
338 1967 401 2025 filio
422 1967 529 2025 infanti
551 1967 704 2027 etiamtum
726 1975 905 2027 metuentem
927 1985 994 2026 eum
1018 1967 1156 2026 attulisse
1182 1985 1242 2025 una
1268 1985 1334 2025 cum
1356 1983 1433 2044 gaza

99 2070 183 2147 regia
204 2069 244 2127 ad
265 2069 407 2141 Brutum3
430 2069 555 2129 Brutum
578 2069 672 2128 lilium
690 2068 792 2146 Cyzici
815 2069 998 2147 seposuisse,
1021 2070 1115 2130 donec
1136 2070 1167 2128 in
1188 2086 1312 2144 regnum
1334 2075 1432 2146 pater·

100 2191 172 2230 num
199 2171 299 2230 reduci
325 2183 443 2249 posset,
471 2173 628 2231 thesauros
655 2181 753 2231 autem
782 2173 813 2231 in
841 2190 928 2231 suurn
958 2171 1054 2247 ipsius
1083 2189 1170 2230 usum
1198 2168 1433 2248 convertissel).

77 2273 82 2281 ’
100 2271 236 2350 Utraque
259 2275 389 2333 narratio
407 2274 432 2332 si
449 2293 520 2333 vera
541 2285 588 2334 est
609 2285 639 2335 ct
659 2276 841 2352 incorrupta,
863 2274 1103 2333 Polemocratiaa
1122 2274 1246 2332 maritus
1267 2281 1296 2331 et
1311 2271 1433 2345 Sadalu,

100 2394 282 2454 quamquam
303 2365 357 2435 rex
381 2376 530 2437 Thraciae
551 2387 677 2455 uterque
697 2378 754 2436 fuit
775 2377 940 2454 eodemque
961 2377 1023 2435 fere
1046 2387 1180 2454 tempora
1201 2385 1325 2452 uterque
1347 2374 1432 2447 obiit,

100 2477 213 2557 diversi
239 2478 349 2537 fuerint
375 2498 497 2540 necesse
523 2488 584 2553 est3
612 2501 680 2540 nam
708 2481 759 2539 ille
786 2479 861 2539 obiit
888 2479 952 2538 sine
979 2479 1082 2539 liberis
1106 2467 1239 2555 (cinare),
1268 2478 1316 2536 hic
1337 2478 1432 2537 filium

99 2579 243 2638 infantem
271 2581 401 2658 reliquit.
455 2585 497 2641 At
526 2584 611 2641 adest
637 2583 741 2642 titulus
771 2597 840 2641 ante
867 2582 921 2641 hos
943 2581 1049 2660 viginti
1077 2599 1173 2641 annos
1196 2601 1214 2640 a
1234 2577 1433 2657 Raugabiol)

102 2682 212 2756 editus,
234 2684 288 2742 sed
309 2684 407 2744 adhuc
428 2686 509 2761 quod
531 2686 624 2744 sciam
646 2704 665 2743 a
687 2686 761 2745 viris
784 2684 879 2744 doctis
901 2684 1054 2761 neglectus
1076 2685 1139 2744 hic:

154 2953 155 2956 Ἴ
180 2894 203 2957 ¹)
229 2897 313 2960 Cotyn
333 2913 404 2958 eum,
429 2899 473 2964 qui
492 2900 568 2964 periit
587 2914 646 2950 c.a.
663 2899 695 2949 19
715 2897 829 2963 p.Chr.,
849 2898 944 2952 Strabo
962 2901 1003 2960 12,
1019 2900 1044 2962 3,
1060 2900 1094 2950 ts
1114 2916 1139 2964 p.
1155 2898 1208 2950 556
1228 2897 1358 2963 Sapaeum
1383 2896 1433 2948 aits

103 2975 184 3038 Kc'rns
201 2985 234 3052 τῷ
253 2985 366 3052 Σοσσίῳ.
397 2991 468 3040 Fieri
484 2998 581 3056 potest,
601 2998 630 3041 ut
649 2999 738 3042 auctor
756 2992 889 3056 scripserit
906 2979 986 3042 Ko'rua
1004 2979 1039 3054 τοξῖ
1058 2979 1182 3053 artata,
1208 2991 1254 3042 sed
1273 2990 1432 3040 coniunctio·

102 3097 163 3131 nem
182 3082 268 3146 regiae
288 3083 374 3147 stirpis
393 3084 553 3149 Sapaeorum
573 3100 630 3136 oum
649 3085 730 3149 ipsius
744 3083 872 3135 Thraciae
891 3085 993 3150 regibus
1014 3091 1098 3134 tuetur
1117 3099 1212 3136 nomen
1228 3082 1430 3148 Rhescuporidis

102 3173 218 3239 utris'que
237 3189 380 3224 commune.
629 3169 631 3174 ’

180 3263 204 3328 ²)
230 3268 321 3318 Cicero
340 3269 367 3317 in
385 3269 439 3320 Pis.
454 3270 497 3332 34,
513 3270 556 3320 84.
584 3269 664 3320 Anno
684 3277 768 3321 autam
789 3270 841 3321 679
856 3270 955 3324 Ssdala
973 3284 1028 3332 rex,
1048 3277 1123 3334 pater
1142 3269 1261 3320 videlicet
1274 3253 1373 3334 Cotyis,
1393 3283 1433 3320 re·

104 3359 202 3424 gnabut
222 3359 323 3420 (Cicero
337 3363 413 3412 Verr.
433 3362 449 3412 l.
466 3363 490 3424 1,
506 3363 549 3424 24,
564 3362 618 3425 63).

180 3449 999 3517 ἢθωποολὼπ.ωωάὠὼὒὼῦὠι

179 3541 204 3605 ⁴)
230 3545 283 3596 Dio
302 3547 407 3609 ussa.
911 3595 912 3598 ,

180 3635 1434 3705 ⁵)mmmmMmmhszhwsshmqwhfflmdffldmedQfflmummm

104 3730 202 3794 Cotyos
222 3733 369 3785 etSadalas
391 3749 480 3799 regum
490 3733 617 3784 Thraciae
638 3734 783 3795 coniuncta,
804 3747 937 3783 versasse
958 3732 1048 3797 oppidi
1065 3732 1208 3797 Hispanias
1226 3731 1311 3796 Iptuci
1334 3732 1437 3783 monuit

102 3822 294 3875 mmm

179 3915 411 3981 UOEMRQ

178 3995 1433 4080 UAmmmhchwrfffflmdmffi(MBmNJmmhffixdmspm

104 4098 229 4172 συντοχιά
243 4092 353 4168 Θρᾴκιος
365 4093 450 4152 τοιοίδε
467 4098 571 4170 γίνεται.
595 4100 792 4172 Πολεμοκρατία
805 4094 865 4172 γονή
875 4119 940 4161 τινος
952 4099 997 4153 τῶν
1010 4094 1170 4165 βασιλίσκων
1184 4093 1359 4167 ἀναιρεθέντος
1371 4098 1435 4174 αὐτῇ

101 4181 1436 4266 ruffi&mffiffifflffimmmffl&mfflkfflummfflwfflhmmufflfflpl

102 4271 1436 4357 WQQMWmMM&ffiM&QwQMWQmmWQ

102 4381 152 4434 νοῖς
171 4370 315 4447 ἀνατρέφειν
333 4376 467 4446 παρέδωκε,
488 4378 569 4452 μέχρι
588 4378 747 4452 σχολάσειεν
767 4379 805 4431 lul
824 4369 867 4444 ssia
886 4375 1023 4444 βασιλείαν
1041 4381 1195 4448 κοταγαγιΐν,
1223 4377 1246 4428 ἓν
1266 4375 1293 4428 dl
1314 4383 1368 4436 τοῖς
1385 4379 1436 4443 θη·

103 4474 205 4538 scopate
224 4459 277 4539 aalys
295 4463 437 4540 παράδοξον
456 4469 569 4543 χρυσίου
587 4490 613 4521 τι
632 4473 735 4538 πλῆθος
753 4472 793 4524 aul
813 4463 929 4542 dyylpoa
951 4466 1084 4524 καὶτοῦτο
1105 4470 1147 4540 piu
1161 4468 1245 4522 laam·
1264 4465 1307 4521 aul
1327 4458 1437 4540 vo'psrpa

102 4559 189 4612 lsolsr.
222 4563 348 4616 Nummos
368 4582 401 4616 ex
420 4581 483 4632 gaza
502 4567 545 4616 ille
564 4568 636 4632 regia
655 4583 729 4618 cusos
748 4583 792 4618 eos
812 4581 880 4630 asse,
904 4568 932 4616 in
952 4567 1043 4632 quibus
1062 4582 1158 4617 nomen
1178 4569 1280 4613 ΚΟΣΩΝ
1301 4572 1327 4615 et
1346 4581 1436 4616 mono·

100 4671 218 4722 gramma
238 4663 272 4704 LE
286 4660 406 4721 cernitur,
425 4659 563 4710 Eckhelius
577 4660 687 4711 coniecit
698 4661 723 4722 6,
737 4660 771 4710 23
791 4659 965 4724 adsensusque
979 4675 1035 4710 sum
1049 4675 1097 4725 ego
1116 4661 1144 4709 in
1156 4659 1223 4709 libro
1243 4659 1275 4709 de
1294 4673 1323 4708 re
1341 4665 1437 4709 mouet.

101 4765 126 4814 p.
141 4750 208 4812 693,
233 4751 261 4800 in
286 4766 317 4801 eo
342 4758 409 4802 certe
435 4767 537 4814 anans,
564 4753 634 4818 qnod
657 4752 743 4802 mariti
766 4767 863 4802 nomeu
886 4752 919 4802 ab
939 4753 1063 4818 Appiano
1087 4747 1141 4803 non
1165 4753 1325 4806 enuntiatum
1345 4739 1438 4802 lla'oov

99 4841 281 4908 mmm

168 4933 202 4998 '⁸)
227 4933 371 5004 Antiquite's
387 4933 551 5004 Helle'niqaea
571 4939 586 4986 2
606 4953 631 5003 p.
646 4938 700 4988 784
719 4951 745 4986 n.
761 4937 840 4986 1236.
878 4937 1003 4987 Eiusdem
1023 4937 1092 4987 tituli
1119 4939 1181 4988 dum
1204 4937 1269 4988 haec
1293 4937 1378 4988 scribo
1402 4936 1437 4987 ad

100 5043 142 5077 me
161 5029 248 5079 attulit
265 5030 462 5081 Mordtmannus
486 5031 596 5080 alterum
615 5030 778 5095 exemplum,
804 5028 850 5078 sed
869 5037 1017 5094 corruptum
1044 5038 1069 5080 et
1093 5031 1132 5080 ita
1155 5031 1243 5093 hians,
1268 5037 1297 5080 ut
1322 5026 1437 5095 lapidem

99 5135 204 5185 interim
223 5135 367 5186 diffraotum
388 5152 443 5187 esse
463 5145 594 5202 appareat.
644 5138 726 5188 Varia
744 5135 821 5185 lectio
841 5136 905 5186 haec
925 5143 976 5186 est:
999 5139 1013 5186 l
1034 5137 1077 5187 flu.
1098 5137 1233 5182 ΑΣΑΔΑΛΑ
1254 5133 1334 5185 deest.
1354 5159 1388 5169 -
1422 5127 1438 5176 ²

99 5231 377 5276 mastraramuons
397 5229 499 5280 omissis
518 5229 632 5296 reliquis.
665 5257 698 5267 -
739 5230 755 5279 3
774 5217 895 5293 ronna]
919 5230 981 5275 seu

1057 5347 1059 5352 ,
1169 5315 1230 5376 170
