<?xml version="1.0" encoding="UTF-8"?>
<!DOCTYPE html PUBLIC "-//W3C//DTD XHTML 1.0 Transitional//EN"
    "http://www.w3.org/TR/xhtml1/DTD/xhtml1-transitional.dtd">
<html xmlns="http://www.w3.org/1999/xhtml" xml:lang="en" lang="en">
 <head>
  <title>
</title>
<meta http-equiv="Content-Type" content="text/html;charset=utf-8" />
  <meta name='ocr-system' content='tesseract 3.04.00' />
  <meta name='ocr-capabilities' content='ocr_page ocr_carea ocr_par ocr_line ocrx_word'/>
</head>
<body>
  <div class='ocr_page' id='page_1' title='image "./ephemerisepigra00henzgoog_0021.png"; bbox 0 0 3510 5820; ppageno 0'>
   <div class='ocr_carea' id='block_1_1' title="bbox 301 433 1034 507">
    <p class='ocr_par' dir='ltr' id='par_1_1' title="bbox 301 433 1034 507">
     <span class='ocr_line' id='line_1_1' title="bbox 301 433 1034 507; baseline -0.003 -3"><span class='ocrx_word' id='word_1_1' title='bbox 301 433 323 504; x_wconf 89' lang='lat'>8</span> <span class='ocrx_word' id='word_1_2' title='bbox 893 451 1034 507; x_wconf 74' lang='lat' dir='ltr'><strong>nmnnn</strong></span> 
     </span>
    </p>
   </div>
   <div class='ocr_carea' id='block_1_2' title="bbox 230 613 1634 3042">
    <p class='ocr_par' dir='ltr' id='par_1_2' title="bbox 230 613 1630 1224">
     <span class='ocr_line' id='line_1_2' title="bbox 299 613 1627 707; baseline -0.002 -23"><span class='ocrx_word' id='word_1_3' title='bbox 299 635 329 684; x_wconf 90' lang='lat' dir='ltr'><strong>et</strong></span> <span class='ocrx_word' id='word_1_4' title='bbox 349 613 547 704; x_wconf 59' lang='lat' dir='ltr'><strong>Aavvopciqdu]</strong></span> <span class='ocrx_word' id='word_1_5' title='bbox 569 627 692 698; x_wconf 85' lang='lat' dir='ltr'><strong>formae,</strong></span> <span class='ocrx_word' id='word_1_6' title='bbox 714 645 790 702; x_wconf 86' lang='lat' dir='ltr'><strong>quae</strong></span> <span class='ocrx_word' id='word_1_7' title='bbox 813 628 907 686; x_wconf 87' lang='lat' dir='ltr'><strong>altera</strong></span> <span class='ocrx_word' id='word_1_8' title='bbox 928 630 1018 688; x_wconf 87' lang='lat' dir='ltr'><strong>etiam</strong></span> <span class='ocrx_word' id='word_1_9' title='bbox 1039 629 1107 707; x_wconf 87' lang='lat' dir='ltr'><strong>ipsa</strong></span> <span class='ocrx_word' id='word_1_10' title='bbox 1128 630 1240 690; x_wconf 86' lang='lat' dir='ltr'><strong>erroris</strong></span> <span class='ocrx_word' id='word_1_11' title='bbox 1259 628 1374 688; x_wconf 87' lang='lat' dir='ltr'><strong>ratione</strong></span> <span class='ocrx_word' id='word_1_12' title='bbox 1389 624 1627 698; x_wconf 61' lang='lat' dir='ltr'><strong>commendatum</strong></span> 
     </span>
     <span class='ocr_line' id='line_1_3' title="bbox 299 726 1627 808; baseline -0.002 -21"><span class='ocrx_word' id='word_1_13' title='bbox 299 727 417 787; x_wconf 77' lang='lat' dir='ltr'><strong>facilius</strong></span> <span class='ocrx_word' id='word_1_14' title='bbox 439 729 517 786; x_wconf 88' lang='lat' dir='ltr'><strong>enim</strong></span> <span class='ocrx_word' id='word_1_15' title='bbox 540 747 578 786; x_wconf 88' lang='lat' dir='ltr'><strong>ex</strong></span> <span class='ocrx_word' id='word_1_16' title='bbox 599 747 660 786; x_wconf 91' lang='lat' dir='ltr'><strong>uuo</strong></span> <span class='ocrx_word' id='word_1_17' title='bbox 682 727 731 804; x_wconf 83' lang='lat' dir='ltr'><strong>(n)</strong></span> <span class='ocrx_word' id='word_1_18' title='bbox 754 747 843 806; x_wconf 89' lang='lat' dir='ltr'><strong>quam</strong></span> <span class='ocrx_word' id='word_1_19' title='bbox 865 751 904 789; x_wconf 86' lang='lat' dir='ltr'><strong>ex</strong></span> <span class='ocrx_word' id='word_1_20' title='bbox 926 730 1043 790; x_wconf 89' lang='lat' dir='ltr'><strong>duabus</strong></span> <span class='ocrx_word' id='word_1_21' title='bbox 1065 731 1171 791; x_wconf 86' lang='lat' dir='ltr'><strong>litteris</strong></span> <span class='ocrx_word' id='word_1_22' title='bbox 1192 730 1263 808; x_wconf 79' lang='lat' dir='ltr'><strong>(ou)</strong></span> <span class='ocrx_word' id='word_1_23' title='bbox 1286 730 1364 788; x_wconf 88' lang='lat' dir='ltr'><strong>male</strong></span> <span class='ocrx_word' id='word_1_24' title='bbox 1384 727 1470 786; x_wconf 85' lang='lat' dir='ltr'><strong>lectis</strong></span> <span class='ocrx_word' id='word_1_25' title='bbox 1491 726 1627 786; x_wconf 83' lang='lat' dir='ltr'><strong>foliolum</strong></span> 
     </span>
     <span class='ocr_line' id='line_1_4' title="bbox 301 825 1630 911; baseline -0.002 -23"><span class='ocrx_word' id='word_1_26' title='bbox 301 830 381 908; x_wconf 89' lang='lat' dir='ltr'><strong>quod</strong></span> <span class='ocrx_word' id='word_1_27' title='bbox 403 830 529 889; x_wconf 83' lang='lat' dir='ltr'><strong>traditur</strong></span> <span class='ocrx_word' id='word_1_28' title='bbox 550 829 622 888; x_wconf 88' lang='lat' dir='ltr'><strong>oriri</strong></span> <span class='ocrx_word' id='word_1_29' title='bbox 643 831 749 908; x_wconf 91' lang='lat' dir='ltr'><strong>potuit.</strong></span> <span class='ocrx_word' id='word_1_30' title='bbox 783 825 839 889; x_wconf 72' lang='lat' dir='ltr'><strong>cirri</strong></span> <span class='ocrx_word' id='word_1_31' title='bbox 862 851 933 891; x_wconf 84' lang='lat' dir='ltr'><strong>vero</strong></span> <span class='ocrx_word' id='word_1_32' title='bbox 949 835 1202 911; x_wconf 77' lang='lat' dir='ltr'><strong>praepositionem</strong></span> <span class='ocrx_word' id='word_1_33' title='bbox 1218 833 1359 891; x_wconf 80' lang='lat' dir='ltr'><strong>intactam</strong></span> <span class='ocrx_word' id='word_1_34' title='bbox 1374 829 1497 905; x_wconf 83' lang='lat' dir='ltr'><strong>reliqui3</strong></span> <span class='ocrx_word' id='word_1_35' title='bbox 1520 829 1630 907; x_wconf 84' lang='lat' dir='ltr'><strong>legitur</strong></span> 
     </span>
     <span class='ocr_line' id='line_1_5' title="bbox 230 928 1628 1014; baseline 0 -24"><span class='ocrx_word' id='word_1_36' title='bbox 230 951 233 964; x_wconf 90' lang='lat'><strong>·</strong></span> <span class='ocrx_word' id='word_1_37' title='bbox 300 932 404 992; x_wconf 88' lang='lat' dir='ltr'><strong>eadem</strong></span> <span class='ocrx_word' id='word_1_38' title='bbox 428 932 460 991; x_wconf 92' lang='lat' dir='ltr'><strong>iu</strong></span> <span class='ocrx_word' id='word_1_39' title='bbox 485 932 573 990; x_wconf 90' lang='lat' dir='ltr'><strong>titulo</strong></span> <span class='ocrx_word' id='word_1_40' title='bbox 594 941 724 991; x_wconf 90' lang='lat' dir='ltr'><strong>ceterum</strong></span> <span class='ocrx_word' id='word_1_41' title='bbox 747 934 859 993; x_wconf 90' lang='lat' dir='ltr'><strong>aeolice</strong></span> <span class='ocrx_word' id='word_1_42' title='bbox 879 937 991 1014; x_wconf 89' lang='lat' dir='ltr'><strong>scripto</strong></span> <span class='ocrx_word' id='word_1_43' title='bbox 1013 933 1087 995; x_wconf 62' lang='grc'><strong>(3.1.</strong></span> <span class='ocrx_word' id='word_1_44' title='bbox 1105 934 1201 994; x_wconf 77' lang='lat'>2172:</span> <span class='ocrx_word' id='word_1_45' title='bbox 1230 928 1286 992; x_wconf 74' lang='lat' dir='ltr'><strong>cirri</strong></span> <span class='ocrx_word' id='word_1_46' title='bbox 1310 932 1477 1014; x_wconf 62' lang='lat' dir='ltr'><strong>quqpriiv.</strong></span> <span class='ocrx_word' id='word_1_47' title='bbox 1498 930 1628 991; x_wconf 80' lang='lat' dir='ltr'><strong>-sub</strong></span> 
     </span>
     <span class='ocr_line' id='line_1_6' title="bbox 299 1025 1630 1119; baseline -0.002 -26"><span class='ocrx_word' id='word_1_48' title='bbox 299 1035 388 1093; x_wconf 80' lang='lat' dir='ltr'><strong>linem</strong></span> <span class='ocrx_word' id='word_1_49' title='bbox 410 1035 502 1093; x_wconf 88' lang='lat' dir='ltr'><strong>verba</strong></span> <span class='ocrx_word' id='word_1_50' title='bbox 523 1025 639 1113; x_wconf 71' lang='grc' dir='ltr'>ἀμμέων</span> <span class='ocrx_word' id='word_1_51' title='bbox 655 1067 692 1077; x_wconf 95' lang='grc'><strong>-</strong></span> <span class='ocrx_word' id='word_1_52' title='bbox 709 1026 843 1119; x_wconf 74' lang='grc' dir='ltr'><strong>πρύτανιν</strong></span> <span class='ocrx_word' id='word_1_53' title='bbox 863 1037 952 1096; x_wconf 87' lang='lat' dir='ltr'><strong>unius</strong></span> <span class='ocrx_word' id='word_1_54' title='bbox 975 1055 1081 1096; x_wconf 87' lang='lat' dir='ltr'><strong>versus</strong></span> <span class='ocrx_word' id='word_1_55' title='bbox 1104 1038 1204 1115; x_wconf 91' lang='lat' dir='ltr'><strong>spatio</strong></span> <span class='ocrx_word' id='word_1_56' title='bbox 1222 1036 1351 1096; x_wconf 89' lang='lat' dir='ltr'><strong>coercita</strong></span> <span class='ocrx_word' id='word_1_57' title='bbox 1365 1035 1494 1092; x_wconf 82' lang='lat' dir='ltr'><strong>fortasse</strong></span> <span class='ocrx_word' id='word_1_58' title='bbox 1509 1033 1539 1090; x_wconf 94' lang='lat' dir='ltr'><strong>in</strong></span> <span class='ocrx_word' id='word_1_59' title='bbox 1553 1032 1630 1091; x_wconf 91' lang='lat' dir='ltr'><strong>duos</strong></span> 
     </span>
     <span class='ocr_line' id='line_1_7' title="bbox 301 1127 1096 1224; baseline 0.005 -30"><span class='ocrx_word' id='word_1_60' title='bbox 301 1136 512 1214; x_wconf 81' lang='lat' dir='ltr'><strong>dispescenda:</strong></span> <span class='ocrx_word' id='word_1_61' title='bbox 536 1127 647 1206; x_wconf 76' lang='grc' dir='ltr'>ἆμμὲων</span> <span class='ocrx_word' id='word_1_62' title='bbox 667 1129 719 1194; x_wconf 78' lang='lat' dir='ltr'><strong>rciv</strong></span> <span class='ocrx_word' id='word_1_63' title='bbox 743 1139 748 1216; x_wconf 82' lang='grc' dir='ltr'>Ι</span> <span class='ocrx_word' id='word_1_64' title='bbox 772 1131 810 1194; x_wconf 78' lang='grc' dir='ltr'><strong>δι’</strong></span> <span class='ocrx_word' id='word_1_65' title='bbox 833 1137 933 1201; x_wconf 75' lang='grc' dir='ltr'>αἰῶνος</span> <span class='ocrx_word' id='word_1_66' title='bbox 953 1131 1096 1224; x_wconf 69' lang='grc' dir='ltr'>πρύτανιν.</span> 
     </span>
    </p>

    <p class='ocr_par' dir='ltr' id='par_1_3' title="bbox 301 1237 1632 2119">
     <span class='ocr_line' id='line_1_8' title="bbox 382 1237 1629 1316; baseline 0 -19"><span class='ocrx_word' id='word_1_67' title='bbox 382 1238 432 1298; x_wconf 92' lang='lat' dir='ltr'><strong>De</strong></span> <span class='ocrx_word' id='word_1_68' title='bbox 457 1239 544 1299; x_wconf 85' lang='lat' dir='ltr'><strong>tertio</strong></span> <span class='ocrx_word' id='word_1_69' title='bbox 566 1239 614 1298; x_wconf 86' lang='lat' dir='ltr'><strong>vel</strong></span> <span class='ocrx_word' id='word_1_70' title='bbox 640 1240 721 1299; x_wconf 87' lang='lat' dir='ltr'><strong>adeo</strong></span> <span class='ocrx_word' id='word_1_71' title='bbox 743 1247 851 1316; x_wconf 85' lang='lat' dir='ltr'><strong>quarto</strong></span> <span class='ocrx_word' id='word_1_72' title='bbox 872 1240 1027 1300; x_wconf 88' lang='lat' dir='ltr'><strong>Publiciae</strong></span> <span class='ocrx_word' id='word_1_73' title='bbox 1055 1242 1175 1301; x_wconf 88' lang='lat' dir='ltr'><strong>nomine</strong></span> <span class='ocrx_word' id='word_1_74' title='bbox 1201 1259 1261 1300; x_wconf 91' lang='lat' dir='ltr'><strong>non</strong></span> <span class='ocrx_word' id='word_1_75' title='bbox 1287 1247 1437 1300; x_wconf 86' lang='lat' dir='ltr'><strong>certares</strong></span> <span class='ocrx_word' id='word_1_76' title='bbox 1460 1246 1516 1298; x_wconf 85' lang='lat' dir='ltr'><strong>est.</strong></span> <span class='ocrx_word' id='word_1_77' title='bbox 1558 1237 1629 1298; x_wconf 92' lang='lat' dir='ltr'><strong>Non</strong></span> 
     </span>
     <span class='ocr_line' id='line_1_9' title="bbox 301 1331 1630 1420; baseline 0 -20"><span class='ocrx_word' id='word_1_78' title='bbox 301 1341 466 1401; x_wconf 85' lang='lat' dir='ltr'><strong>dubitarem</strong></span> <span class='ocrx_word' id='word_1_79' title='bbox 482 1333 680 1418; x_wconf 70' lang='grc' dir='ltr'>Νεικνμαχῖδα</span> <span class='ocrx_word' id='word_1_80' title='bbox 701 1331 756 1420; x_wconf 86' lang='lat' dir='ltr'><strong>pro</strong></span> <span class='ocrx_word' id='word_1_81' title='bbox 771 1361 843 1402; x_wconf 86' lang='lat' dir='ltr'><strong>vera</strong></span> <span class='ocrx_word' id='word_1_82' title='bbox 863 1343 982 1416; x_wconf 86' lang='lat' dir='ltr'><strong>habere,</strong></span> <span class='ocrx_word' id='word_1_83' title='bbox 1004 1344 1092 1403; x_wconf 92' lang='lat' dir='ltr'><strong>modo</strong></span> <span class='ocrx_word' id='word_1_84' title='bbox 1114 1344 1220 1406; x_wconf 82' lang='lat' dir='ltr'><strong>aeirem</strong></span> <span class='ocrx_word' id='word_1_85' title='bbox 1243 1342 1315 1420; x_wconf 90' lang='lat' dir='ltr'><strong>quid</strong></span> <span class='ocrx_word' id='word_1_86' title='bbox 1335 1342 1481 1420; x_wconf 87' lang='lat' dir='ltr'><strong>proximis</strong></span> <span class='ocrx_word' id='word_1_87' title='bbox 1503 1342 1630 1400; x_wconf 82' lang='lat' dir='ltr'><strong>facerem</strong></span> 
     </span>
     <span class='ocr_line' id='line_1_10' title="bbox 301 1434 1631 1521; baseline -0.001 -18"><span class='ocrx_word' id='word_1_88' title='bbox 301 1461 411 1504; x_wconf 74' lang='lat' dir='ltr'><strong>aaran.</strong></span> <span class='ocrx_word' id='word_1_89' title='bbox 454 1443 511 1503; x_wconf 84' lang='lat' dir='ltr'><strong>Est</strong></span> <span class='ocrx_word' id='word_1_90' title='bbox 537 1443 657 1521; x_wconf 90' lang='lat' dir='ltr'><strong>quidem</strong></span> <span class='ocrx_word' id='word_1_91' title='bbox 687 1434 786 1502; x_wconf 67' lang='grc' dir='ltr'>Βάτων</span> <span class='ocrx_word' id='word_1_92' title='bbox 813 1457 899 1506; x_wconf 83' lang='lat' dir='ltr'><strong>vetus</strong></span> <span class='ocrx_word' id='word_1_93' title='bbox 924 1464 1047 1520; x_wconf 91' lang='lat' dir='ltr'><strong>nomen,</strong></span> <span class='ocrx_word' id='word_1_94' title='bbox 1077 1446 1157 1506; x_wconf 90' lang='lat' dir='ltr'><strong>unde</strong></span> <span class='ocrx_word' id='word_1_95' title='bbox 1183 1456 1212 1505; x_wconf 91' lang='lat' dir='ltr'><strong>et</strong></span> <span class='ocrx_word' id='word_1_96' title='bbox 1233 1436 1324 1504; x_wconf 71' lang='lat' dir='ltr'><strong>liciace</strong></span> <span class='ocrx_word' id='word_1_97' title='bbox 1351 1451 1380 1502; x_wconf 91' lang='lat' dir='ltr'><strong>et</strong></span> <span class='ocrx_word' id='word_1_98' title='bbox 1401 1434 1478 1515; x_wconf 75' lang='grc' dir='ltr'>Βάτη</span> <span class='ocrx_word' id='word_1_99' title='bbox 1506 1441 1631 1520; x_wconf 60' lang='lat' dir='ltr'><strong>cogitari</strong></span> 
     </span>
     <span class='ocr_line' id='line_1_11' title="bbox 301 1545 1631 1626; baseline -0.002 -20"><span class='ocrx_word' id='word_1_100' title='bbox 301 1547 408 1626; x_wconf 78' lang='lat' dir='ltr'><strong>possit.</strong></span> <span class='ocrx_word' id='word_1_101' title='bbox 440 1546 520 1606; x_wconf 83' lang='lat' dir='ltr'><strong>Fore</strong></span> <span class='ocrx_word' id='word_1_102' title='bbox 537 1545 683 1624; x_wconf 89' lang='lat' dir='ltr'><strong>auspicor,</strong></span> <span class='ocrx_word' id='word_1_103' title='bbox 704 1549 757 1623; x_wconf 93' lang='lat' dir='ltr'><strong>qui</strong></span> <span class='ocrx_word' id='word_1_104' title='bbox 773 1552 937 1606; x_wconf 87' lang='grc' dir='ltr'>ΝΕΙκΟΜΑ</span> <span class='ocrx_word' id='word_1_105' title='bbox 953 1549 984 1607; x_wconf 90' lang='lat' dir='ltr'><strong>in</strong></span> <span class='ocrx_word' id='word_1_106' title='bbox 1000 1552 1188 1607; x_wconf 83' lang='grc' dir='ltr'>ΝΕΙΚΟΛΑΝ</span> <span class='ocrx_word' id='word_1_107' title='bbox 1211 1547 1262 1624; x_wconf 87' lang='lat' dir='ltr'><strong>(cl.</strong></span> <span class='ocrx_word' id='word_1_108' title='bbox 1278 1545 1400 1607; x_wconf 87' lang='lat' dir='ltr'><strong>Lobeok</strong></span> <span class='ocrx_word' id='word_1_109' title='bbox 1414 1546 1501 1624; x_wconf 92' lang='lat' dir='ltr'><strong>proll.</strong></span> <span class='ocrx_word' id='word_1_110' title='bbox 1516 1547 1631 1624; x_wconf 82' lang='lat' dir='ltr'><strong>pathol.</strong></span> 
     </span>
     <span class='ocr_line' id='line_1_12' title="bbox 301 1647 1632 1728; baseline 0 -20"><span class='ocrx_word' id='word_1_111' title='bbox 301 1668 331 1725; x_wconf 92' lang='lat' dir='ltr'><strong>p.</strong></span> <span class='ocrx_word' id='word_1_112' title='bbox 350 1649 409 1708; x_wconf 86' lang='lat'><strong>130</strong></span> <span class='ocrx_word' id='word_1_113' title='bbox 431 1656 461 1707; x_wconf 91' lang='lat' dir='ltr'><strong>et</strong></span> <span class='ocrx_word' id='word_1_114' title='bbox 481 1647 555 1708; x_wconf 84' lang='lat' dir='ltr'><strong>Keil</strong></span> <span class='ocrx_word' id='word_1_115' title='bbox 577 1649 654 1708; x_wconf 89' lang='lat' dir='ltr'><strong>anal.</strong></span> <span class='ocrx_word' id='word_1_116' title='bbox 678 1650 771 1728; x_wconf 86' lang='lat' dir='ltr'><strong>epigr.</strong></span> <span class='ocrx_word' id='word_1_117' title='bbox 793 1671 824 1728; x_wconf 93' lang='lat' dir='ltr'><strong>p.</strong></span> <span class='ocrx_word' id='word_1_118' title='bbox 842 1649 915 1727; x_wconf 87' lang='lat'>161)</span> <span class='ocrx_word' id='word_1_119' title='bbox 942 1651 1051 1710; x_wconf 87' lang='lat' dir='ltr'><strong>mutari</strong></span> <span class='ocrx_word' id='word_1_120' title='bbox 1072 1651 1182 1723; x_wconf 79' lang='lat' dir='ltr'><strong>velint,</strong></span> <span class='ocrx_word' id='word_1_121' title='bbox 1209 1651 1240 1709; x_wconf 91' lang='lat' dir='ltr'><strong>in</strong></span> <span class='ocrx_word' id='word_1_122' title='bbox 1262 1649 1386 1727; x_wconf 88' lang='lat' dir='ltr'><strong>reliquis</strong></span> <span class='ocrx_word' id='word_1_123' title='bbox 1407 1657 1505 1709; x_wconf 87' lang='lat' dir='ltr'><strong>autem</strong></span> <span class='ocrx_word' id='word_1_124' title='bbox 1528 1667 1632 1727; x_wconf 88' lang='lat' dir='ltr'><strong>saper·</strong></span> 
     </span>
     <span class='ocr_line' id='line_1_13' title="bbox 301 1743 1632 1827; baseline 0.001 -18"><span class='ocrx_word' id='word_1_125' title='bbox 301 1751 427 1810; x_wconf 76' lang='lat' dir='ltr'><strong>latinum</strong></span> <span class='ocrx_word' id='word_1_126' title='bbox 449 1750 579 1827; x_wconf 80' lang='lat' dir='ltr'><strong>aliquem</strong></span> <span class='ocrx_word' id='word_1_127' title='bbox 600 1752 694 1810; x_wconf 85' lang='lat' dir='ltr'><strong>latere</strong></span> <span class='ocrx_word' id='word_1_128' title='bbox 716 1759 869 1826; x_wconf 87' lang='lat' dir='ltr'><strong>censeant,</strong></span> <span class='ocrx_word' id='word_1_129' title='bbox 891 1752 973 1813; x_wconf 85' lang='lat' dir='ltr'><strong>velut</strong></span> <span class='ocrx_word' id='word_1_130' title='bbox 992 1743 1186 1811; x_wconf 70' lang='grc' dir='ltr'>κλεινοτάταν.</span> <span class='ocrx_word' id='word_1_131' title='bbox 1207 1753 1326 1813; x_wconf 85' lang='lat' dir='ltr'><strong>-Matria</strong></span> <span class='ocrx_word' id='word_1_132' title='bbox 1347 1770 1455 1812; x_wconf 89' lang='lat' dir='ltr'><strong>nomen</strong></span> <span class='ocrx_word' id='word_1_133' title='bbox 1469 1769 1528 1809; x_wconf 91' lang='lat' dir='ltr'><strong>non</strong></span> <span class='ocrx_word' id='word_1_134' title='bbox 1543 1751 1632 1810; x_wconf 89' lang='lat' dir='ltr'><strong>nimis</strong></span> 
     </span>
     <span class='ocr_line' id='line_1_14' title="bbox 302 1843 1632 1936; baseline -0.001 -23"><span class='ocrx_word' id='word_1_135' title='bbox 302 1854 408 1914; x_wconf 77' lang='lat' dir='ltr'><strong>audaci</strong></span> <span class='ocrx_word' id='word_1_136' title='bbox 430 1853 615 1913; x_wconf 85' lang='lat' dir='ltr'><strong>correctione</strong></span> <span class='ocrx_word' id='word_1_137' title='bbox 636 1844 752 1936; x_wconf 77' lang='grc' dir='ltr'><strong>Πρέκλα</strong></span> <span class='ocrx_word' id='word_1_138' title='bbox 772 1853 843 1927; x_wconf 82' lang='lat' dir='ltr'><strong>feci3</strong></span> <span class='ocrx_word' id='word_1_139' title='bbox 866 1856 967 1934; x_wconf 83' lang='lat' dir='ltr'><strong>possis</strong></span> <span class='ocrx_word' id='word_1_140' title='bbox 989 1855 1077 1915; x_wconf 88' lang='lat' dir='ltr'><strong>etiam</strong></span> <span class='ocrx_word' id='word_1_141' title='bbox 1092 1843 1286 1933; x_wconf 72' lang='grc' dir='ltr'>Παο’[λ]λ[α]τ</span> <span class='ocrx_word' id='word_1_142' title='bbox 1307 1855 1367 1926; x_wconf 83' lang='lat' dir='ltr'><strong>vel,</strong></span> <span class='ocrx_word' id='word_1_143' title='bbox 1389 1855 1415 1913; x_wconf 88' lang='lat' dir='ltr'><strong>si</strong></span> <span class='ocrx_word' id='word_1_144' title='bbox 1437 1871 1455 1912; x_wconf 82' lang='lat' dir='ltr'>x</span> <span class='ocrx_word' id='word_1_145' title='bbox 1476 1854 1507 1911; x_wconf 91' lang='lat' dir='ltr'><strong>in</strong></span> <span class='ocrx_word' id='word_1_146' title='bbox 1529 1872 1547 1912; x_wconf 81' lang='lat' dir='ltr'><strong>u</strong></span> <span class='ocrx_word' id='word_1_147' title='bbox 1568 1873 1632 1912; x_wconf 92' lang='lat' dir='ltr'><strong>mu·</strong></span> 
     </span>
     <span class='ocr_line' id='line_1_15' title="bbox 303 1947 1632 2036; baseline 0 -22"><span class='ocrx_word' id='word_1_148' title='bbox 303 1965 367 2016; x_wconf 84' lang='lat' dir='ltr'><strong>tare</strong></span> <span class='ocrx_word' id='word_1_149' title='bbox 388 1955 509 2028; x_wconf 86' lang='lat' dir='ltr'><strong>audeas,</strong></span> <span class='ocrx_word' id='word_1_150' title='bbox 531 1947 729 2034; x_wconf 72' lang='grc' dir='ltr'>Παο[νΊλ[α]ς.</span> <span class='ocrx_word' id='word_1_151' title='bbox 767 1959 933 2015; x_wconf 65' lang='lat' dir='ltr'><strong>nunciabo:</strong></span> <span class='ocrx_word' id='word_1_152' title='bbox 953 1957 985 2016; x_wconf 93' lang='lat' dir='ltr'><strong>in</strong></span> <span class='ocrx_word' id='word_1_153' title='bbox 1007 1956 1083 2018; x_wconf 66' lang='grc'><strong>(3.1.</strong></span> <span class='ocrx_word' id='word_1_154' title='bbox 1100 1957 1181 2019; x_wconf 85' lang='grc'><strong>6665</strong></span> <span class='ocrx_word' id='word_1_155' title='bbox 1203 1967 1260 2018; x_wconf 83' lang='lat' dir='ltr'><strong>eat.</strong></span> <span class='ocrx_word' id='word_1_156' title='bbox 1297 1955 1342 2017; x_wconf 84' lang='lat' dir='ltr'><strong>cf.</strong></span> <span class='ocrx_word' id='word_1_157' title='bbox 1364 1956 1581 2036; x_wconf 85' lang='lat' dir='ltr'><strong>Dittenberger</strong></span> <span class='ocrx_word' id='word_1_158' title='bbox 1601 1957 1632 2014; x_wconf 94' lang='lat' dir='ltr'><strong>in</strong></span> 
     </span>
     <span class='ocr_line' id='line_1_16' title="bbox 303 2057 664 2119; baseline -0.008 -1"><span class='ocrx_word' id='word_1_159' title='bbox 303 2059 434 2119; x_wconf 85' lang='lat' dir='ltr'><strong>Hermae</strong></span> <span class='ocrx_word' id='word_1_160' title='bbox 455 2059 515 2117; x_wconf 85' lang='lat' dir='ltr'><strong>rol.</strong></span> <span class='ocrx_word' id='word_1_161' title='bbox 527 2057 574 2116; x_wconf 86' lang='lat' dir='ltr'><strong>VI</strong></span> <span class='ocrx_word' id='word_1_162' title='bbox 593 2058 664 2117; x_wconf 80' lang='lat'><strong>307.</strong></span> 
     </span>
    </p>

    <p class='ocr_par' dir='ltr' id='par_1_4' title="bbox 303 2159 1632 2548">
     <span class='ocr_line' id='line_1_17' title="bbox 386 2159 1632 2241; baseline -0.002 -21"><span class='ocrx_word' id='word_1_163' title='bbox 386 2161 511 2220; x_wconf 86' lang='lat' dir='ltr'><strong>Praeter</strong></span> <span class='ocrx_word' id='word_1_164' title='bbox 538 2170 673 2220; x_wconf 87' lang='lat' dir='ltr'><strong>senatum</strong></span> <span class='ocrx_word' id='word_1_165' title='bbox 703 2162 824 2239; x_wconf 86' lang='lat' dir='ltr'><strong>saepius</strong></span> <span class='ocrx_word' id='word_1_166' title='bbox 845 2171 988 2241; x_wconf 84' lang='lat' dir='ltr'><strong>prytanea</strong></span> <span class='ocrx_word' id='word_1_167' title='bbox 1009 2163 1089 2239; x_wconf 91' lang='lat' dir='ltr'><strong>apud</strong></span> <span class='ocrx_word' id='word_1_168' title='bbox 1110 2163 1308 2240; x_wconf 85' lang='lat' dir='ltr'><strong>Mytilenaeos</strong></span> <span class='ocrx_word' id='word_1_169' title='bbox 1330 2168 1540 2221; x_wconf 89' lang='lat' dir='ltr'><strong>memorantur.</strong></span> <span class='ocrx_word' id='word_1_170' title='bbox 1583 2159 1632 2220; x_wconf 86' lang='lat' dir='ltr'><strong>cf.</strong></span> 
     </span>
     <span class='ocr_line' id='line_1_18' title="bbox 305 2261 1631 2343; baseline -0.003 -19"><span class='ocrx_word' id='word_1_171' title='bbox 305 2262 445 2342; x_wconf 90' lang='lat' dir='ltr'><strong>Sapphus</strong></span> <span class='ocrx_word' id='word_1_172' title='bbox 472 2262 630 2322; x_wconf 81' lang='lat' dir='ltr'><strong>fr.13913.</strong></span> <span class='ocrx_word' id='word_1_173' title='bbox 674 2261 756 2338; x_wconf 83' lang='lat' dir='ltr'><strong>Quot</strong></span> <span class='ocrx_word' id='word_1_174' title='bbox 782 2263 907 2338; x_wconf 84' lang='lat' dir='ltr'><strong>fuerint,</strong></span> <span class='ocrx_word' id='word_1_175' title='bbox 936 2265 1119 2342; x_wconf 85' lang='lat' dir='ltr'><strong>ignoramus.</strong></span> <span class='ocrx_word' id='word_1_176' title='bbox 1162 2264 1318 2325; x_wconf 87' lang='lat' dir='ltr'><strong>Publiciae</strong></span> <span class='ocrx_word' id='word_1_177' title='bbox 1344 2285 1399 2343; x_wconf 88' lang='lat' dir='ltr'><strong>per</strong></span> <span class='ocrx_word' id='word_1_178' title='bbox 1425 2273 1517 2323; x_wconf 88' lang='lat' dir='ltr'><strong>totam</strong></span> <span class='ocrx_word' id='word_1_179' title='bbox 1540 2263 1631 2322; x_wconf 85' lang='lat' dir='ltr'><strong>vitam</strong></span> 
     </span>
     <span class='ocr_line' id='line_1_19' title="bbox 303 2356 1632 2449; baseline -0.002 -24"><span class='ocrx_word' id='word_1_180' title='bbox 303 2368 353 2426; x_wconf 84' lang='lat' dir='ltr'><strong>bio</strong></span> <span class='ocrx_word' id='word_1_181' title='bbox 374 2367 470 2426; x_wconf 88' lang='lat' dir='ltr'><strong>honor</strong></span> <span class='ocrx_word' id='word_1_182' title='bbox 491 2365 641 2438; x_wconf 82' lang='lat' dir='ltr'><strong>tribuitur,</strong></span> <span class='ocrx_word' id='word_1_183' title='bbox 663 2365 739 2424; x_wconf 79' lang='lat' dir='ltr'><strong>alius</strong></span> <span class='ocrx_word' id='word_1_184' title='bbox 761 2367 829 2442; x_wconf 77' lang='lat' dir='ltr'><strong>quis</strong></span> <span class='ocrx_word' id='word_1_185' title='bbox 852 2365 901 2443; x_wconf 82' lang='grc' dir='ltr'><strong>(Ο.</strong></span> <span class='ocrx_word' id='word_1_186' title='bbox 917 2367 942 2426; x_wconf 90' lang='lat' dir='ltr'><strong>I.</strong></span> <span class='ocrx_word' id='word_1_187' title='bbox 960 2366 1054 2444; x_wconf 77' lang='lat'>2189)</span> <span class='ocrx_word' id='word_1_188' title='bbox 1075 2361 1128 2425; x_wconf 73' lang='grc' dir='ltr'>τᾶν</span> <span class='ocrx_word' id='word_1_189' title='bbox 1147 2356 1292 2438; x_wconf 66' lang='grc' dir='ltr'>ἐπώνυμον</span> <span class='ocrx_word' id='word_1_190' title='bbox 1313 2361 1374 2424; x_wconf 72' lang='lat' dir='ltr'><strong>cirri</strong></span> <span class='ocrx_word' id='word_1_191' title='bbox 1395 2356 1543 2432; x_wconf 63' lang='lat' dir='ltr'><strong>Bacchiae</strong></span> <span class='ocrx_word' id='word_1_192' title='bbox 1563 2387 1632 2449; x_wconf 70' lang='lat' dir='ltr'><strong>erpu-</strong></span> 
     </span>
     <span class='ocr_line' id='line_1_20' title="bbox 304 2463 571 2548; baseline 0 -22"><span class='ocrx_word' id='word_1_193' title='bbox 304 2463 419 2540; x_wconf 78' lang='grc' dir='ltr'>τανηνάν</span> <span class='ocrx_word' id='word_1_194' title='bbox 441 2469 571 2548; x_wconf 82' lang='lat' dir='ltr'><strong>gerebat.</strong></span> 
     </span>
    </p>

    <p class='ocr_par' dir='ltr' id='par_1_5' title="bbox 306 2562 1634 3042">
     <span class='ocr_line' id='line_1_21' title="bbox 388 2562 1633 2651; baseline -0.002 -20"><span class='ocrx_word' id='word_1_195' title='bbox 388 2570 530 2631; x_wconf 84' lang='lat' dir='ltr'><strong>Ceterum</strong></span> <span class='ocrx_word' id='word_1_196' title='bbox 556 2589 594 2630; x_wconf 84' lang='lat' dir='ltr'><strong>ex</strong></span> <span class='ocrx_word' id='word_1_197' title='bbox 620 2562 794 2628; x_wconf 81' lang='grc' dir='ltr'>Πουπλῖκιάν</span> <span class='ocrx_word' id='word_1_198' title='bbox 821 2573 970 2651; x_wconf 89' lang='lat' dir='ltr'><strong>scriptura</strong></span> <span class='ocrx_word' id='word_1_199' title='bbox 996 2572 1076 2650; x_wconf 88' lang='lat' dir='ltr'><strong>quod</strong></span> <span class='ocrx_word' id='word_1_200' title='bbox 1101 2573 1224 2651; x_wconf 89' lang='lat' dir='ltr'><strong>aliquod</strong></span> <span class='ocrx_word' id='word_1_201' title='bbox 1251 2571 1359 2631; x_wconf 88' lang='lat' dir='ltr'><strong>aetatis</strong></span> <span class='ocrx_word' id='word_1_202' title='bbox 1386 2571 1465 2630; x_wconf 88' lang='lat' dir='ltr'><strong>tituli</strong></span> <span class='ocrx_word' id='word_1_203' title='bbox 1490 2571 1633 2630; x_wconf 91' lang='lat' dir='ltr'><strong>indicium</strong></span> 
     </span>
     <span class='ocr_line' id='line_1_22' title="bbox 306 2672 1632 2753; baseline -0.003 -18"><span class='ocrx_word' id='word_1_204' title='bbox 306 2675 413 2735; x_wconf 88' lang='lat' dir='ltr'><strong>ducere</strong></span> <span class='ocrx_word' id='word_1_205' title='bbox 440 2691 619 2752; x_wconf 82' lang='lat' dir='ltr'><strong>possumus,</strong></span> <span class='ocrx_word' id='word_1_206' title='bbox 645 2673 867 2752; x_wconf 82' lang='lat' dir='ltr'><strong>Dittenbergeri</strong></span> <span class='ocrx_word' id='word_1_207' title='bbox 896 2694 989 2753; x_wconf 92' lang='lat' dir='ltr'><strong>opera</strong></span> <span class='ocrx_word' id='word_1_208' title='bbox 1014 2675 1127 2734; x_wconf 84' lang='lat' dir='ltr'><strong>factum</strong></span> <span class='ocrx_word' id='word_1_209' title='bbox 1154 2685 1214 2747; x_wconf 84' lang='lat' dir='ltr'><strong>eat,</strong></span> <span class='ocrx_word' id='word_1_210' title='bbox 1244 2673 1336 2752; x_wconf 91' lang='lat' dir='ltr'><strong>quil.</strong></span> <span class='ocrx_word' id='word_1_211' title='bbox 1359 2693 1383 2734; x_wconf 90' lang='lat' dir='ltr'><strong>s.</strong></span> <span class='ocrx_word' id='word_1_212' title='bbox 1405 2693 1429 2734; x_wconf 89' lang='lat' dir='ltr'><strong>s.</strong></span> <span class='ocrx_word' id='word_1_213' title='bbox 1451 2672 1632 2750; x_wconf 78' lang='lat' dir='ltr'><strong>p.287sqq.</strong></span> 
     </span>
     <span class='ocr_line' id='line_1_23' title="bbox 306 2765 1634 2853; baseline -0.002 -18"><span class='ocrx_word' id='word_1_214' title='bbox 306 2777 346 2835; x_wconf 91' lang='lat' dir='ltr'><strong>ad</strong></span> <span class='ocrx_word' id='word_1_215' title='bbox 372 2777 493 2836; x_wconf 87' lang='lat' dir='ltr'><strong>tertium</strong></span> <span class='ocrx_word' id='word_1_216' title='bbox 520 2795 616 2853; x_wconf 84' lang='lat' dir='ltr'><strong>neque</strong></span> <span class='ocrx_word' id='word_1_217' title='bbox 643 2795 673 2852; x_wconf 86' lang='lat' dir='ltr'><strong>p.</strong></span> <span class='ocrx_word' id='word_1_218' title='bbox 696 2774 767 2836; x_wconf 83' lang='lat' dir='ltr'><strong>chr.</strong></span> <span class='ocrx_word' id='word_1_219' title='bbox 795 2796 824 2834; x_wconf 90' lang='lat' dir='ltr'><strong>n.</strong></span> <span class='ocrx_word' id='word_1_220' title='bbox 851 2777 1002 2837; x_wconf 88' lang='lat' dir='ltr'><strong>saeculum</strong></span> <span class='ocrx_word' id='word_1_221' title='bbox 1030 2767 1154 2838; x_wconf 73' lang='grc' dir='ltr'>Πόπλιοτ</span> <span class='ocrx_word' id='word_1_222' title='bbox 1179 2795 1289 2836; x_wconf 89' lang='lat' dir='ltr'><strong>nomen</strong></span> <span class='ocrx_word' id='word_1_223' title='bbox 1309 2765 1438 2853; x_wconf 81' lang='lat' dir='ltr'><strong>indeque</strong></span> <span class='ocrx_word' id='word_1_224' title='bbox 1459 2795 1535 2852; x_wconf 92' lang='lat' dir='ltr'><strong>quae</strong></span> <span class='ocrx_word' id='word_1_225' title='bbox 1556 2774 1634 2834; x_wconf 87' lang='lat' dir='ltr'><strong>deri·</strong></span> 
     </span>
     <span class='ocr_line' id='line_1_24' title="bbox 306 2875 1632 2963; baseline -0.002 -26"><span class='ocrx_word' id='word_1_226' title='bbox 306 2887 425 2952; x_wconf 87' lang='lat' dir='ltr'><strong>vantur,</strong></span> <span class='ocrx_word' id='word_1_227' title='bbox 450 2896 512 2937; x_wconf 91' lang='lat' dir='ltr'><strong>non</strong></span> <span class='ocrx_word' id='word_1_228' title='bbox 538 2899 569 2935; x_wconf 86' lang='grc' dir='ltr'><strong>ου</strong></span> <span class='ocrx_word' id='word_1_229' title='bbox 592 2878 793 2958; x_wconf 85' lang='lat' dir='ltr'><strong>diphthongo,</strong></span> <span class='ocrx_word' id='word_1_230' title='bbox 821 2880 876 2939; x_wconf 87' lang='lat' dir='ltr'><strong>sed</strong></span> <span class='ocrx_word' id='word_1_231' title='bbox 902 2879 1030 2959; x_wconf 82' lang='lat' dir='ltr'><strong>simplici</strong></span> <span class='ocrx_word' id='word_1_232' title='bbox 1057 2903 1069 2937; x_wconf 82' lang='grc' dir='ltr'>ο</span> <span class='ocrx_word' id='word_1_233' title='bbox 1093 2879 1191 2963; x_wconf 81' lang='lat' dir='ltr'><strong>vocali</strong></span> <span class='ocrx_word' id='word_1_234' title='bbox 1219 2875 1330 2956; x_wconf 84' lang='lat' dir='ltr'><strong>scripta</strong></span> <span class='ocrx_word' id='word_1_235' title='bbox 1356 2878 1562 2957; x_wconf 83' lang='lat' dir='ltr'><strong>praevaluisse</strong></span> <span class='ocrx_word' id='word_1_236' title='bbox 1584 2876 1632 2936; x_wconf 93' lang='lat' dir='ltr'><strong>de-</strong></span> 
     </span>
     <span class='ocr_line' id='line_1_25' title="bbox 307 2981 496 3042; baseline -0.005 -1"><span class='ocrx_word' id='word_1_237' title='bbox 307 2981 496 3042; x_wconf 84' lang='lat' dir='ltr'><strong>monstravit.</strong></span> 
     </span>
    </p>
   </div>
   <div class='ocr_carea' id='block_1_3' title="bbox 307 3289 1636 3454">
    <p class='ocr_par' dir='ltr' id='par_1_6' title="bbox 307 3289 1636 3454">
     <span class='ocr_line' id='line_1_26' title="bbox 307 3289 1636 3369; baseline -0.002 -20"><span class='ocrx_word' id='word_1_238' title='bbox 307 3291 348 3350; x_wconf 94' lang='lat' dir='ltr'><strong>II.</strong></span> <span class='ocrx_word' id='word_1_239' title='bbox 383 3290 484 3349; x_wconf 89' lang='lat' dir='ltr'><strong>Priori</strong></span> <span class='ocrx_word' id='word_1_240' title='bbox 504 3291 591 3349; x_wconf 91' lang='lat' dir='ltr'><strong>titulo</strong></span> <span class='ocrx_word' id='word_1_241' title='bbox 613 3290 655 3350; x_wconf 87' lang='lat' dir='ltr'><strong>ita</strong></span> <span class='ocrx_word' id='word_1_242' title='bbox 675 3290 874 3362; x_wconf 85' lang='lat' dir='ltr'><strong>continuatur,</strong></span> <span class='ocrx_word' id='word_1_243' title='bbox 895 3299 929 3349; x_wconf 91' lang='lat' dir='ltr'><strong>ut</strong></span> <span class='ocrx_word' id='word_1_244' title='bbox 949 3290 1083 3351; x_wconf 86' lang='lat' dir='ltr'><strong>eiusdem</strong></span> <span class='ocrx_word' id='word_1_245' title='bbox 1105 3291 1254 3369; x_wconf 88' lang='lat' dir='ltr'><strong>particula</strong></span> <span class='ocrx_word' id='word_1_246' title='bbox 1275 3291 1395 3350; x_wconf 89' lang='lat' dir='ltr'><strong>habitus</strong></span> <span class='ocrx_word' id='word_1_247' title='bbox 1418 3308 1485 3350; x_wconf 87' lang='lat' dir='ltr'><strong>esse</strong></span> <span class='ocrx_word' id='word_1_248' title='bbox 1499 3289 1636 3349; x_wconf 85' lang='lat' dir='ltr'><strong>videatur</strong></span> 
     </span>
     <span class='ocr_line' id='line_1_27' title="bbox 349 3392 920 3454; baseline 0 -3"><span class='ocrx_word' id='word_1_249' title='bbox 349 3411 405 3452; x_wconf 90' lang='lat' dir='ltr'><strong>neo</strong></span> <span class='ocrx_word' id='word_1_250' title='bbox 425 3412 504 3453; x_wconf 86' lang='lat' dir='ltr'><strong>novo</strong></span> <span class='ocrx_word' id='word_1_251' title='bbox 525 3392 664 3454; x_wconf 88' lang='lat' dir='ltr'><strong>lemmate</strong></span> <span class='ocrx_word' id='word_1_252' title='bbox 685 3392 849 3452; x_wconf 88' lang='lat' dir='ltr'><strong>adornatus</strong></span> <span class='ocrx_word' id='word_1_253' title='bbox 871 3393 920 3451; x_wconf 87' lang='lat' dir='ltr'><strong>sit.</strong></span> 
     </span>
    </p>
   </div>
   <div class='ocr_carea' id='block_1_4' title="bbox 696 3593 1238 3996">
    <p class='ocr_par' dir='ltr' id='par_1_7' title="bbox 696 3593 1238 3892">
     <span class='ocr_line' id='line_1_28' title="bbox 696 3593 1198 3681; baseline 0.002 -21"><span class='ocrx_word' id='word_1_254' title='bbox 696 3598 758 3662; x_wconf 75' lang='lat' dir='ltr'><strong>Teia</strong></span> <span class='ocrx_word' id='word_1_255' title='bbox 779 3604 904 3681; x_wconf 68' lang='grc' dir='ltr'>γυναῖκα</span> <span class='ocrx_word' id='word_1_256' title='bbox 925 3605 966 3662; x_wconf 80' lang='lat' dir='ltr'><strong>rui</strong></span> <span class='ocrx_word' id='word_1_257' title='bbox 986 3595 1134 3668; x_wconf 66' lang='grc' dir='ltr'>Σεβάν-τω</span> <span class='ocrx_word' id='word_1_258' title='bbox 1157 3593 1198 3661; x_wconf 73' lang='lat' dir='ltr'><strong>vi·</strong></span> 
     </span>
     <span class='ocr_line' id='line_1_29' title="bbox 696 3695 1238 3782; baseline 0.004 -18"><span class='ocrx_word' id='word_1_259' title='bbox 696 3731 731 3764; x_wconf 82' lang='lat' dir='ltr'><strong>av</strong></span> <span class='ocrx_word' id='word_1_260' title='bbox 752 3697 829 3762; x_wconf 65' lang='grc' dir='ltr'>θέον</span> <span class='ocrx_word' id='word_1_261' title='bbox 851 3700 895 3782; x_wconf 80' lang='lat' dir='ltr'><strong>[ci]</strong></span> <span class='ocrx_word' id='word_1_262' title='bbox 917 3695 1017 3770; x_wconf 67' lang='lat' dir='ltr'><strong>ditae</strong></span> <span class='ocrx_word' id='word_1_263' title='bbox 1037 3695 1087 3763; x_wconf 77' lang='lat' dir='ltr'><strong>uel</strong></span> <span class='ocrx_word' id='word_1_264' title='bbox 1110 3701 1123 3764; x_wconf 82' lang='grc'><strong>6</strong></span> <span class='ocrx_word' id='word_1_265' title='bbox 1147 3700 1238 3777; x_wconf 63' lang='grc' dir='ltr'>δᾶμος</span> 
     </span>
     <span class='ocr_line' id='line_1_30' title="bbox 697 3797 1103 3892; baseline 0 -26"><span class='ocrx_word' id='word_1_266' title='bbox 697 3797 860 3874; x_wconf 56' lang='lat' dir='ltr'><strong>{eilde-rav</strong></span> <span class='ocrx_word' id='word_1_267' title='bbox 881 3799 1103 3892; x_wconf 64' lang='grc' dir='ltr'><strong>«γυμνασίαρχον</strong></span> 
     </span>
    </p>

    <p class='ocr_par' dir='ltr' id='par_1_8' title="bbox 698 3902 1206 3996">
     <span class='ocr_line' id='line_1_31' title="bbox 698 3902 1206 3996; baseline 0.002 -29"><span class='ocrx_word' id='word_1_268' title='bbox 698 3905 736 3968; x_wconf 83' lang='grc' dir='ltr'><strong>δι’</strong></span> <span class='ocrx_word' id='word_1_269' title='bbox 759 3909 859 3970; x_wconf 68' lang='lat' dir='ltr'><strong>uiduus</strong></span> <span class='ocrx_word' id='word_1_270' title='bbox 877 3903 998 3967; x_wconf 67' lang='lat' dir='ltr'><strong>&#39;levidae</strong></span> <span class='ocrx_word' id='word_1_271' title='bbox 1017 3902 1206 3996; x_wconf 71' lang='grc' dir='ltr'>Ἀγρνττπῖνον</span> 
     </span>
    </p>
   </div>
   <div class='ocr_carea' id='block_1_5' title="bbox 282 4120 1639 5226">
    <p class='ocr_par' dir='ltr' id='par_1_9' title="bbox 282 4120 1639 5226">
     <span class='ocr_line' id='line_1_32' title="bbox 309 4120 1636 4202; baseline -0.003 -17"><span class='ocrx_word' id='word_1_272' title='bbox 309 4125 378 4185; x_wconf 76' lang='lat' dir='ltr'><strong>V.2</strong></span> <span class='ocrx_word' id='word_1_273' title='bbox 395 4124 519 4184; x_wconf 85' lang='lat' dir='ltr'><strong>articulo</strong></span> <span class='ocrx_word' id='word_1_274' title='bbox 533 4123 647 4183; x_wconf 89' lang='lat' dir='ltr'><strong>inserto</strong></span> <span class='ocrx_word' id='word_1_275' title='bbox 662 4141 738 4202; x_wconf 89' lang='lat' dir='ltr'><strong>opus</strong></span> <span class='ocrx_word' id='word_1_276' title='bbox 754 4129 806 4182; x_wconf 90' lang='lat' dir='ltr'><strong>est.</strong></span> <span class='ocrx_word' id='word_1_277' title='bbox 819 4155 859 4165; x_wconf 95' lang='lat'><em>-</em></span> <span class='ocrx_word' id='word_1_278' title='bbox 878 4120 1011 4183; x_wconf 88' lang='lat' dir='ltr'><strong>Similem</strong></span> <span class='ocrx_word' id='word_1_279' title='bbox 1028 4123 1184 4182; x_wconf 82' lang='lat' dir='ltr'><strong>verborum</strong></span> <span class='ocrx_word' id='word_1_280' title='bbox 1200 4123 1331 4182; x_wconf 88' lang='lat' dir='ltr'><strong>ordinem</strong></span> <span class='ocrx_word' id='word_1_281' title='bbox 1347 4123 1440 4181; x_wconf 89' lang='lat' dir='ltr'><strong>habes</strong></span> <span class='ocrx_word' id='word_1_282' title='bbox 1456 4121 1491 4182; x_wconf 75' lang='lat' dir='ltr'><strong>(l.</strong></span> <span class='ocrx_word' id='word_1_283' title='bbox 1503 4122 1526 4181; x_wconf 95' lang='lat' dir='ltr'><strong>l.</strong></span> <span class='ocrx_word' id='word_1_284' title='bbox 1540 4123 1636 4182; x_wconf 80' lang='lat'>5904:</span> 
     </span>
     <span class='ocr_line' id='line_1_33' title="bbox 309 4214 1638 4309; baseline -0.001 -26"><span class='ocrx_word' id='word_1_285' title='bbox 309 4223 358 4299; x_wconf 67' lang='grc' dir='ltr'>τὴν</span> <span class='ocrx_word' id='word_1_286' title='bbox 380 4218 424 4285; x_wconf 64' lang='grc' dir='ltr'><strong>ἐπὶ</strong></span> <span class='ocrx_word' id='word_1_287' title='bbox 446 4216 525 4303; x_wconf 69' lang='grc' dir='ltr'><strong>πάσῃ</strong></span> <span class='ocrx_word' id='word_1_288' title='bbox 548 4222 633 4308; x_wconf 67' lang='grc' dir='ltr'>ἀρετῇ</span> <span class='ocrx_word' id='word_1_289' title='bbox 654 4215 832 4308; x_wconf 69' lang='grc' dir='ltr'>οωφροΙοῦνῃ</span> <span class='ocrx_word' id='word_1_290' title='bbox 855 4247 884 4280; x_wconf 86' lang='grc' dir='ltr'><strong>τε</strong></span> <span class='ocrx_word' id='word_1_291' title='bbox 906 4214 953 4281; x_wconf 76' lang='lat' dir='ltr'><strong>uui</strong></span> <span class='ocrx_word' id='word_1_292' title='bbox 975 4217 1066 4302; x_wconf 71' lang='grc' dir='ltr'><strong>σοφῖᾳ</strong></span> <span class='ocrx_word' id='word_1_293' title='bbox 1089 4216 1308 4309; x_wconf 67' lang='grc' dir='ltr'>διαπρέπονιταν</span> <span class='ocrx_word' id='word_1_294' title='bbox 1328 4217 1448 4282; x_wconf 59' lang='lat' dir='ltr'><strong>&#39;leelina</strong></span> <span class='ocrx_word' id='word_1_295' title='bbox 1469 4215 1638 4282; x_wconf 70' lang='grc' dir='ltr'>Βάστνλλαν</span> 
     </span>
     <span class='ocr_line' id='line_1_34' title="bbox 311 4316 1638 4411; baseline -0.002 -24"><span class='ocrx_word' id='word_1_296' title='bbox 311 4327 405 4405; x_wconf 86' lang='lat' dir='ltr'><strong>(quod</strong></span> <span class='ocrx_word' id='word_1_297' title='bbox 427 4347 536 4387; x_wconf 88' lang='lat' dir='ltr'><strong>nomen</strong></span> <span class='ocrx_word' id='word_1_298' title='bbox 558 4335 667 4387; x_wconf 85' lang='lat' dir='ltr'><strong>temere</strong></span> <span class='ocrx_word' id='word_1_299' title='bbox 689 4327 813 4406; x_wconf 80' lang='lat' dir='ltr'><strong>corrigit</strong></span> <span class='ocrx_word' id='word_1_300' title='bbox 825 4325 938 4403; x_wconf 86' lang='lat' dir='ltr'><strong>Franz)</strong></span> <span class='ocrx_word' id='word_1_301' title='bbox 961 4318 1057 4398; x_wconf 69' lang='grc' dir='ltr'>βουλὴ</span> <span class='ocrx_word' id='word_1_302' title='bbox 1075 4328 1079 4405; x_wconf 84' lang='grc' dir='ltr'>Ι</span> <span class='ocrx_word' id='word_1_303' title='bbox 1094 4316 1143 4385; x_wconf 75' lang='lat' dir='ltr'><strong>uui</strong></span> <span class='ocrx_word' id='word_1_304' title='bbox 1166 4321 1253 4398; x_wconf 66' lang='grc' dir='ltr'>δῆμον</span> <span class='ocrx_word' id='word_1_305' title='bbox 1274 4329 1325 4399; x_wconf 71' lang='grc' dir='ltr'><strong>τῆς</strong></span> <span class='ocrx_word' id='word_1_306' title='bbox 1345 4328 1480 4411; x_wconf 74' lang='grc' dir='ltr'><strong>λαμπροῖς</strong></span> <span class='ocrx_word' id='word_1_307' title='bbox 1493 4317 1638 4406; x_wconf 47' lang='lat' dir='ltr'><strong>[rebehare</strong></span> 
     </span>
     <span class='ocr_line' id='line_1_35' title="bbox 311 4419 1032 4515; baseline -0.001 -28"><span class='ocrx_word' id='word_1_308' title='bbox 311 4431 522 4515; x_wconf 63' lang='grc' dir='ltr'><strong>Ταυρομενιτῶν</strong></span> <span class='ocrx_word' id='word_1_309' title='bbox 544 4420 731 4510; x_wconf 58' lang='grc' dir='ltr'>ἆνέ[ττη]&gt;τεν</span> <span class='ocrx_word' id='word_1_310' title='bbox 752 4422 802 4500; x_wconf 62' lang='grc' dir='ltr'>τήν</span> <span class='ocrx_word' id='word_1_311' title='bbox 823 4419 1032 4513; x_wconf 67' lang='grc' dir='ltr'><strong>λαμπροτάτην.</strong></span> 
     </span>
     <span class='ocr_line' id='line_1_36' title="bbox 393 4529 1639 4611; baseline 0.001 -20"><span class='ocrx_word' id='word_1_312' title='bbox 393 4531 473 4591; x_wconf 90' lang='lat' dir='ltr'><strong>Iulia</strong></span> <span class='ocrx_word' id='word_1_313' title='bbox 494 4533 663 4611; x_wconf 82' lang='lat' dir='ltr'><strong>Agrippina</strong></span> <span class='ocrx_word' id='word_1_314' title='bbox 690 4565 727 4575; x_wconf 97' lang='lat'><strong>—</strong></span> <span class='ocrx_word' id='word_1_315' title='bbox 758 4531 803 4590; x_wconf 91' lang='lat' dir='ltr'><strong>sic</strong></span> <span class='ocrx_word' id='word_1_316' title='bbox 824 4530 994 4590; x_wconf 88' lang='lat' dir='ltr'><strong>nominatur</strong></span> <span class='ocrx_word' id='word_1_317' title='bbox 1015 4529 1088 4590; x_wconf 85' lang='lat' dir='ltr'><strong>Tac.</strong></span> <span class='ocrx_word' id='word_1_318' title='bbox 1111 4533 1189 4590; x_wconf 88' lang='lat' dir='ltr'><strong>Ann.</strong></span> <span class='ocrx_word' id='word_1_319' title='bbox 1208 4532 1271 4591; x_wconf 88' lang='lat' dir='ltr'><strong>XII</strong></span> <span class='ocrx_word' id='word_1_320' title='bbox 1290 4534 1303 4591; x_wconf 93' lang='lat' dir='ltr'><strong>l</strong></span> <span class='ocrx_word' id='word_1_321' title='bbox 1327 4564 1369 4578; x_wconf 94' lang='lat'>-</span> <span class='ocrx_word' id='word_1_322' title='bbox 1391 4551 1469 4592; x_wconf 90' lang='lat' dir='ltr'><strong>anno</strong></span> <span class='ocrx_word' id='word_1_323' title='bbox 1491 4542 1562 4611; x_wconf 93' lang='lat' dir='ltr'><strong>post</strong></span> <span class='ocrx_word' id='word_1_324' title='bbox 1581 4535 1639 4593; x_wconf 90' lang='lat' dir='ltr'><strong>ini·</strong></span> 
     </span>
     <span class='ocr_line' id='line_1_37' title="bbox 282 4633 1638 4716; baseline -0.001 -20"><span class='ocrx_word' id='word_1_325' title='bbox 282 4647 286 4654; x_wconf 88' lang='lat'>&#39;</span> <span class='ocrx_word' id='word_1_326' title='bbox 310 4649 372 4696; x_wconf 87' lang='lat' dir='ltr'><strong>tum</strong></span> <span class='ocrx_word' id='word_1_327' title='bbox 401 4654 467 4694; x_wconf 89' lang='lat' dir='ltr'><strong>cum</strong></span> <span class='ocrx_word' id='word_1_328' title='bbox 495 4635 674 4711; x_wconf 89' lang='lat' dir='ltr'><strong>imperatore</strong></span> <span class='ocrx_word' id='word_1_329' title='bbox 702 4633 830 4694; x_wconf 88' lang='lat' dir='ltr'><strong>Claudio</strong></span> <span class='ocrx_word' id='word_1_330' title='bbox 855 4634 1077 4693; x_wconf 86' lang='lat' dir='ltr'><strong>matrimonium</strong></span> <span class='ocrx_word' id='word_1_331' title='bbox 1101 4635 1259 4714; x_wconf 86' lang='lat' dir='ltr'><strong>Augustae</strong></span> <span class='ocrx_word' id='word_1_332' title='bbox 1285 4653 1393 4695; x_wconf 90' lang='lat' dir='ltr'><strong>nomen</strong></span> <span class='ocrx_word' id='word_1_333' title='bbox 1419 4637 1535 4716; x_wconf 87' lang='lat' dir='ltr'><strong>accepit</strong></span> <span class='ocrx_word' id='word_1_334' title='bbox 1562 4645 1638 4695; x_wconf 84' lang='lat' dir='ltr'><strong>teste</strong></span> 
     </span>
     <span class='ocr_line' id='line_1_38' title="bbox 312 4727 1639 4815; baseline -0.003 -15"><span class='ocrx_word' id='word_1_335' title='bbox 312 4739 419 4800; x_wconf 85' lang='lat' dir='ltr'><strong>Tacito</strong></span> <span class='ocrx_word' id='word_1_336' title='bbox 439 4737 520 4796; x_wconf 85' lang='lat' dir='ltr'><strong>Aun.</strong></span> <span class='ocrx_word' id='word_1_337' title='bbox 542 4737 607 4796; x_wconf 86' lang='lat' dir='ltr'><strong>XII</strong></span> <span class='ocrx_word' id='word_1_338' title='bbox 622 4735 678 4809; x_wconf 71' lang='lat'><strong>26,</strong></span> <span class='ocrx_word' id='word_1_339' title='bbox 707 4745 890 4815; x_wconf 87' lang='lat' dir='ltr'><strong>quapropter</strong></span> <span class='ocrx_word' id='word_1_340' title='bbox 910 4755 937 4795; x_wconf 93' lang='lat' dir='ltr'><strong>a.</strong></span> <span class='ocrx_word' id='word_1_341' title='bbox 953 4736 992 4795; x_wconf 82' lang='lat'><strong>49</strong></span> <span class='ocrx_word' id='word_1_342' title='bbox 1016 4754 1076 4795; x_wconf 94' lang='lat' dir='ltr'><strong>non</strong></span> <span class='ocrx_word' id='word_1_343' title='bbox 1098 4737 1250 4814; x_wconf 88' lang='lat' dir='ltr'><strong>antiquior</strong></span> <span class='ocrx_word' id='word_1_344' title='bbox 1271 4747 1318 4796; x_wconf 88' lang='lat' dir='ltr'><strong>est</strong></span> <span class='ocrx_word' id='word_1_345' title='bbox 1339 4738 1452 4797; x_wconf 86' lang='lat' dir='ltr'><strong>titulus.</strong></span> <span class='ocrx_word' id='word_1_346' title='bbox 1496 4727 1552 4796; x_wconf 79' lang='grc' dir='ltr'><strong>Νέα</strong></span> <span class='ocrx_word' id='word_1_347' title='bbox 1574 4728 1639 4796; x_wconf 70' lang='grc' dir='ltr'><strong>θεά</strong></span> 
     </span>
     <span class='ocr_line' id='line_1_39' title="bbox 311 4838 1638 4919; baseline -0.002 -19"><span class='ocrx_word' id='word_1_348' title='bbox 311 4842 391 4919; x_wconf 94' lang='lat' dir='ltr'><strong>quod</strong></span> <span class='ocrx_word' id='word_1_349' title='bbox 413 4839 589 4918; x_wconf 88' lang='lat' dir='ltr'><strong>appellatur,</strong></span> <span class='ocrx_word' id='word_1_350' title='bbox 611 4840 680 4898; x_wconf 90' lang='lat' dir='ltr'><strong>binc</strong></span> <span class='ocrx_word' id='word_1_351' title='bbox 701 4839 738 4899; x_wconf 92' lang='lat' dir='ltr'><strong>de</strong></span> <span class='ocrx_word' id='word_1_352' title='bbox 757 4839 830 4899; x_wconf 86' lang='lat' dir='ltr'><strong>certi</strong></span> <span class='ocrx_word' id='word_1_353' title='bbox 851 4839 1005 4899; x_wconf 88' lang='lat' dir='ltr'><strong>cuiusdam</strong></span> <span class='ocrx_word' id='word_1_354' title='bbox 1027 4838 1159 4898; x_wconf 89' lang='lat' dir='ltr'><strong>numinis</strong></span> <span class='ocrx_word' id='word_1_355' title='bbox 1180 4840 1323 4916; x_wconf 86' lang='lat' dir='ltr'><strong>religione</strong></span> <span class='ocrx_word' id='word_1_356' title='bbox 1339 4839 1472 4916; x_wconf 84' lang='lat' dir='ltr'><strong>cogitare</strong></span> <span class='ocrx_word' id='word_1_357' title='bbox 1486 4847 1638 4913; x_wconf 88' lang='lat' dir='ltr'><strong>vetamur;</strong></span> 
     </span>
     <span class='ocr_line' id='line_1_40' title="bbox 312 4939 1639 5021; baseline 0.001 -20"><span class='ocrx_word' id='word_1_358' title='bbox 312 4963 493 5021; x_wconf 90' lang='lat' dir='ltr'><strong>quamquam</strong></span> <span class='ocrx_word' id='word_1_359' title='bbox 515 4961 591 5015; x_wconf 89' lang='lat' dir='ltr'><strong>cum,</strong></span> <span class='ocrx_word' id='word_1_360' title='bbox 613 4951 646 5001; x_wconf 92' lang='lat' dir='ltr'><strong>ut</strong></span> <span class='ocrx_word' id='word_1_361' title='bbox 667 4951 761 5001; x_wconf 89' lang='lat' dir='ltr'><strong>mater</strong></span> <span class='ocrx_word' id='word_1_362' title='bbox 782 4941 862 5019; x_wconf 89' lang='lat' dir='ltr'><strong>apud</strong></span> <span class='ocrx_word' id='word_1_363' title='bbox 879 4941 1076 5018; x_wconf 86' lang='lat' dir='ltr'><strong>Mytilenaeoa</strong></span> <span class='ocrx_word' id='word_1_364' title='bbox 1092 4939 1211 5001; x_wconf 77' lang='lat' dir='ltr'><strong>Cereris</strong></span> <span class='ocrx_word' id='word_1_365' title='bbox 1233 4942 1352 5001; x_wconf 87' lang='lat' dir='ltr'><strong>nomine</strong></span> <span class='ocrx_word' id='word_1_366' title='bbox 1367 4941 1529 5014; x_wconf 90' lang='lat' dir='ltr'><strong>colebatur,</strong></span> <span class='ocrx_word' id='word_1_367' title='bbox 1551 4942 1595 5000; x_wconf 87' lang='lat' dir='ltr'><strong>ita</strong></span> <span class='ocrx_word' id='word_1_368' title='bbox 1609 4953 1639 5002; x_wconf 94' lang='lat' dir='ltr'><strong>et</strong></span> 
     </span>
     <span class='ocr_line' id='line_1_41' title="bbox 310 5044 1639 5124; baseline -0.002 -19"><span class='ocrx_word' id='word_1_369' title='bbox 310 5047 379 5124; x_wconf 88' lang='lat' dir='ltr'><strong>ipsa</strong></span> <span class='ocrx_word' id='word_1_370' title='bbox 407 5045 470 5104; x_wconf 87' lang='lat' dir='ltr'><strong>filia</strong></span> <span class='ocrx_word' id='word_1_371' title='bbox 496 5045 527 5103; x_wconf 92' lang='lat' dir='ltr'><strong>in</strong></span> <span class='ocrx_word' id='word_1_372' title='bbox 555 5045 759 5122; x_wconf 88' lang='lat' dir='ltr'><strong>compluribus</strong></span> <span class='ocrx_word' id='word_1_373' title='bbox 788 5054 818 5104; x_wconf 89' lang='lat' dir='ltr'><strong>et</strong></span> <span class='ocrx_word' id='word_1_374' title='bbox 844 5063 983 5103; x_wconf 90' lang='lat' dir='ltr'><strong>romanae</strong></span> <span class='ocrx_word' id='word_1_375' title='bbox 1012 5053 1041 5103; x_wconf 88' lang='lat' dir='ltr'><strong>et</strong></span> <span class='ocrx_word' id='word_1_376' title='bbox 1068 5053 1210 5103; x_wconf 87' lang='lat' dir='ltr'><strong>externae</strong></span> <span class='ocrx_word' id='word_1_377' title='bbox 1237 5044 1361 5122; x_wconf 84' lang='lat' dir='ltr'><strong>originis</strong></span> <span class='ocrx_word' id='word_1_378' title='bbox 1389 5044 1519 5103; x_wconf 85' lang='lat' dir='ltr'><strong>nummis</strong></span> <span class='ocrx_word' id='word_1_379' title='bbox 1547 5055 1639 5123; x_wconf 87' lang='lat' dir='ltr'><strong>caput</strong></span> 
     </span>
     <span class='ocr_line' id='line_1_42' title="bbox 312 5145 1639 5226; baseline -0.002 -18"><span class='ocrx_word' id='word_1_380' title='bbox 312 5147 402 5225; x_wconf 85' lang='lat' dir='ltr'><strong>apicis</strong></span> <span class='ocrx_word' id='word_1_381' title='bbox 422 5148 592 5207; x_wconf 82' lang='lat' dir='ltr'><strong>obvelatum</strong></span> <span class='ocrx_word' id='word_1_382' title='bbox 607 5147 716 5206; x_wconf 87' lang='lat' dir='ltr'><strong>babeat</strong></span> <span class='ocrx_word' id='word_1_383' title='bbox 738 5145 791 5222; x_wconf 83' lang='lat' dir='ltr'><strong>(ci.</strong></span> <span class='ocrx_word' id='word_1_384' title='bbox 807 5146 923 5206; x_wconf 81' lang='lat' dir='ltr'><strong>Eckhel</strong></span> <span class='ocrx_word' id='word_1_385' title='bbox 937 5145 982 5205; x_wconf 88' lang='lat' dir='ltr'><strong>VI</strong></span> <span class='ocrx_word' id='word_1_386' title='bbox 999 5145 1068 5206; x_wconf 77' lang='lat'><strong>257.</strong></span> <span class='ocrx_word' id='word_1_387' title='bbox 1086 5145 1170 5223; x_wconf 80' lang='lat'><strong>259),</strong></span> <span class='ocrx_word' id='word_1_388' title='bbox 1193 5146 1271 5206; x_wconf 91' lang='lat' dir='ltr'><strong>baud</strong></span> <span class='ocrx_word' id='word_1_389' title='bbox 1286 5148 1432 5206; x_wconf 88' lang='lat' dir='ltr'><strong>absonum</strong></span> <span class='ocrx_word' id='word_1_390' title='bbox 1447 5153 1526 5206; x_wconf 86' lang='lat' dir='ltr'><strong>esset</strong></span> <span class='ocrx_word' id='word_1_391' title='bbox 1540 5147 1639 5226; x_wconf 85' lang='lat' dir='ltr'><strong>auspi·</strong></span> 
     </span>
    </p>
   </div>
   <div class='ocr_carea' id='block_1_6' title="bbox 0 0 1776 5820">
    <p class='ocr_par' dir='ltr' id='par_1_10' title="bbox 0 0 1776 5820">
     <span class='ocr_line' id='line_1_43' title="bbox 0 0 1776 5820; baseline 0 0"><span class='ocrx_word' id='word_1_392' title='bbox 0 0 1776 5820; x_wconf 95' lang='lat' dir='ltr'><strong> </strong></span> 
     </span>
    </p>
   </div>
  </div>
 </body>
</html>
