3540 5828
319 475 390 545 178
889 498 1071 549 conssex:

316 667 376 727 50.
419 667 584 746 Signaoulo
612 672 761 748 impressa
790 672 908 749 tegulae
934 673 1073 730 inventae
1099 674 1147 731 die
1170 672 1209 730 22
1231 672 1347 749 Aprilis
1369 691 1396 730 a.
1425 671 1504 730 1869
1534 675 1565 729 in
1587 691 1652 728 aaa

356 791 425 830 catu
447 772 512 830 dell'
539 773 612 831 isola
639 776 762 833 soconda
783 776 861 834 aella
878 778 977 851 primo
997 781 1125 852 rupious,
1153 776 1204 834 ubi
1226 775 1372 833 caementi
1398 793 1519 833 munere
1540 773 1649 861 lunge-

356 874 445 932 batur
466 877 579 952 tegula:

828 1003 1163 1113 ki.patir'.pii...

827 1141 897 1251 ops

722 1449 850 1537 kimie)
874 1455 974 1549 patu
987 1505 997 1520 .
1010 1451 1224 1546 pomposus

726 1576 865 1687 ose

725 1745 831 1824 Cipius
852 1757 939 1823 pater
959 1746 1162 1823 Pompeianus

724 1861 865 1927 operatus
887 1863 942 1908 est.

400 2011 505 2070 Edidit
525 2019 555 2069 et
576 2013 650 2071 scite
673 2013 825 2090 supplevit
846 2021 937 2088 atque
958 2013 1168 2090 interpretatus
1190 2021 1237 2070 est
1259 2011 1294 2070 G.
1318 2013 1353 2070 de
1373 2011 1470 2080 Petra,
1494 2009 1600 2068 Giorn.
1620 2011 1651 2096 d.

317 2132 395 2172 scos.
411 2115 439 2171 d.
456 2113 555 2190 Pomp.
572 2115 659 2185 1869,
677 2135 709 2191 p.
727 2117 782 2174 153
790 2119 830 2192 s.‚
853 2125 914 2173 tum
932 2115 1061 2186 Ilorelli,
1084 2115 1172 2173 alcaei
1189 2116 1221 2171 di
1236 2115 1335 2189 Pomp.
1352 2114 1403 2170 dal
1419 2113 1491 2171 1861
1506 2113 1652 2184 011872,

313 2235 346 2292 p.
364 2215 414 2274 88.
458 2215 596 2287 hithroai,
619 2217 708 2275 Prim.
725 2217 905 2294 suppliter.
927 2226 986 2275 ont.
1000 2218 1088 2290 It.,a.
1104 2219 1169 2274 501.
1213 2217 1280 2292 Ego
1303 2216 1439 2286 tractavi,
1460 2215 1494 2270 Z.
1511 2217 1538 2289 s.
1557 2215 1650 2290 oerpl.

316 2317 387 2394 Spr.
407 2317 486 2387 XX,
508 2318 567 2376 109
581 2322 609 2395 s.
663 2317 701 2378 G.
730 2321 765 2379 de
792 2320 885 2378 Petra
906 2320 1057 2397 supplevit
1082 2319 1294 2394 IillmpaiaisL
1322 2336 1392 2394 ego:
1426 2316 1654 2392 Pd[mpaiiuas]

317 2429 431 2478 tantum
453 2439 491 2478 ea
504 2420 541 2480 de
555 2439 656 2493 eausa,
678 2422 759 2498 qnod
772 2423 962 2499 Piimpoiiona
985 2423 1074 2480 etiam
1096 2423 1126 2478 in
1148 2421 1217 2479 aliis
1238 2421 1334 2479 titulis
1350 2418 1441 2479 Osois
1462 2419 1575 2496 legitur
1597 2417 1652 2493 (es.

316 2505 410 2598 sitpro¹
428 2542 456 2580 n.
472 2521 536 2598 26),
558 2524 740 2582 assentiente
764 2524 896 2582 Fiorelli.

319 2733 368 2794 51.
413 2733 574 2815 Signaeulo
596 2735 745 2814 impressa
767 2736 885 2813 tegulae
907 2735 1074 2814 fragmento
1096 2735 1193 2794 musei
1215 2733 1423 2812 Neapolitani:

675 2871 876 2946 v.vaaviis
1049 2890 1157 2950 vibius
1173 2891 1298 2950 vatius.

401 3028 515 3089 Charta
541 3029 622 3089 sicea
650 3031 787 3108 expressi
814 3039 981 3089 atramento
1002 3030 1124 3087 inducto
1146 3027 1287 3104 Neapoli.
1309 3027 1366 3086 Ed.
1383 3027 1519 3097 Iiorelli,
1545 3027 1654 3086 Giom.

317 3135 345 3191 d.
369 3151 446 3192 scau.
470 3135 498 3190 d.
514 3134 615 3209 Pomp.
631 3135 714 3203 1861,
734 3153 766 3208 p.
782 3133 830 3190 25.
848 3134 896 3192 59.
931 3133 1025 3192 Catal.
1045 3150 1116 3189 mua.
1132 3130 1211 3207 Nap.
1232 3131 1319 3190 Raso.
1335 3149 1423 3206 eptqr.
1446 3150 1473 3188 a.
1489 3130 1556 3188 nte.
1592 3131 1655 3188 Fa-

317 3235 409 3304 bretti,
436 3233 467 3293 C.
482 3236 510 3293 I.
526 3237 595 3293 Ital.
613 3235 708 3308 2802,
724 3235 752 3306 2,
765 3255 792 3294 a.
826 3235 964 3304 Euolet-is,
983 3233 1125 3292 Formeal.
1142 3235 1169 3291 d.
1187 3232 1256 3291 Oak.
1269 3233 1339 3308 Spr.
1354 3231 1460 3289 XLII.
1478 3229 1609 3302 XLIII,
1624 3235 1652 3290 1.

318 3335 393 3396 Cum
416 3336 498 3397 Osco
524 3338 644 3396 nomine
662 3338 781 3396 Vaooiz's
804 3336 929 3395 Fiorelli
950 3335 1065 3395 confert
1085 3336 1195 3394 Latina
1215 3335 1355 3406 Vesidia,
1384 3335 1505 3394 Vooidio
1529 3333 1652 3408 (Giorn.

318 3439 337 3497 l.
354 3459 378 3498 e.
413 3439 556 3510 Monunio,
579 3440 606 3498 I.
622 3441 658 3498 R.
674 3439 769 3516 Neop.
792 3459 820 3498 a.
836 3440 921 3515 677).

321 3648 376 3710 52.
421 3649 584 3730 Signaonlo
606 3653 754 3729 impressa
775 3651 895 3728 tegulae
915 3647 1024 3709 litteris
1046 3649 1262 3709 eminentibus:

611 3786 743 3860 l.titti
759 3787 796 3861 .l
999 3806 1112 3865 nucius
1134 3805 1235 3864 Titius
1256 3803 1342 3862 num
1364 3803 1384 3861 t.

401 3945 550 4022 Eotypnm
573 3954 603 4005 et
624 3946 753 4024 elfissiem
775 3946 954 4005 delineatam
977 3944 1144 4002 litterarum
1167 3942 1304 4002 misitR.
1320 3937 1465 4001 Schoeue.
1499 3941 1549 3999 Ex
1572 3942 1655 4002 eius-

319 4049 387 4106 dem
410 4048 584 4127 apographo
610 4048 657 4106 ed.
680 4048 825 4120 Fabretti,
850 4048 880 4108 C.
896 4049 922 4104 I.
939 4047 1008 4106 Ital.
1027 4045 1115 4116 2819,
1129 4065 1157 4118 o,
1184 4044 1263 4104 uude
1283 4043 1426 4115 Enderis,
1454 4043 1599 4103 Formeal.
1623 4048 1655 4104 d.

324 4149 394 4210 Ost.
411 4149 481 4226 Spr.
503 4171 531 4208 u.
548 4149 654 4209 XLII.
673 4149 797 4221 XLIII,
816 4151 844 4207 8.
958 4145 959 4156 ¹

319 4357 375 4418 53.
419 4357 581 4439 Signaoulo
607 4360 756 4436 impressa
781 4359 898 4437 tegulae
924 4361 1034 4419 litteris
1062 4359 1261 4419 eminentibus
1289 4367 1319 4417 et
1345 4359 1376 4416 iu
1401 4356 1504 4416 circuli
1534 4356 1655 4418 dimidii

360 4461 487 4521 sormam
509 4462 679 4539 dispositis:

677 4623 725 4698 ga
751 4597 822 4674 silli
1037 4617 1153 4678 Gavius
1177 4615 1290 4679 sunus.

403 4775 439 4834 R.
464 4774 599 4837 Schoene
627 4777 787 4835 delineavit
813 4786 843 4836 et
871 4783 979 4853 ectypo
1009 4776 1170 4853 expressit.
1216 4774 1265 4833 Ex
1290 4775 1425 4833 eiusdem
1453 4772 1576 4832 schedis
1604 4775 1653 4833 ed.

318 4877 464 4950 Fadretti,
489 4877 521 4937 0.
538 4878 561 4935 I.
577 4879 647 4938 Ital.
671 4899 698 4936 n.
721 4879 810 4949 2819,
834 4882 862 4952 d,
886 4880 963 4938 unde
985 4878 1127 4949 Enderis,
1152 4878 1294 4936 Formenl.
1317 4879 1345 4935 d.
1363 4876 1433 4936 Osk.
1454 4874 1524 4952 Spr.
1542 4875 1654 4936 XLII.

321 4979 445 5050 XLIII,
460 4982 489 5039 8.
524 4978 594 5039 Non
618 4979 783 5041 ’(111εέ111
802 4982 961 5058 legendum
984 4991 1031 5040 est
1053 4980 1190 5058 (Enderis
1214 4979 1232 5037 l.
1249 4979 1289 5054 o.)
1312 4999 1379 5038 oum
1393 4978 1486 5039 Asilli
1506 4978 1553 5036 vel
1570 4978 1655 5038 Asil-

322 5081 377 5139 Iius
400 5100 507 5140 nomen
530 5083 640 5158 gentile
662 5083 739 5142 alias
762 5103 815 5142 neo
837 5085 869 5143 in
885 5083 976 5144 Osois
998 5083 1244 5162 inscriptionibus
1264 5082 1391 5159 legatur,
1413 5099 1467 5140 nee
1488 5081 1520 5139 in
1531 5079 1653 5140 Latinis
1766 5157 1768 5166 .

322 5181 420 5243 Oscae
441 5184 590 5261 quondam
611 5185 754 5263 regionis,
777 5187 832 5245 sed
854 5187 909 5248 Ga.
926 5187 995 5246 Stlli
1016 5195 1049 5244 ut
1071 5203 1177 5262 supra:
1199 5185 1357 5262 [I1]a[r]u
1381 5183 1451 5243 Silii
1471 5182 1513 5259 (a.
1528 5183 1583 5259 34)
1605 5192 1653 5242 et:
