<?xml version="1.0" encoding="UTF-8"?>
<!DOCTYPE html PUBLIC "-//W3C//DTD XHTML 1.0 Transitional//EN"
    "http://www.w3.org/TR/xhtml1/DTD/xhtml1-transitional.dtd">
<html xmlns="http://www.w3.org/1999/xhtml" xml:lang="en" lang="en">
 <head>
  <title>
</title>
<meta http-equiv="Content-Type" content="text/html;charset=utf-8" />
  <meta name='ocr-system' content='tesseract 3.04.00' />
  <meta name='ocr-capabilities' content='ocr_page ocr_carea ocr_par ocr_line ocrx_word'/>
</head>
<body>
  <div class='ocr_page' id='page_1' title='image "./ephemerisepigra00henzgoog_0043.png"; bbox 0 0 3510 5820; ppageno 0'>
   <div class='ocr_carea' id='block_1_1' title="bbox 303 481 1045 553">
    <p class='ocr_par' dir='ltr' id='par_1_1' title="bbox 303 481 1045 553">
     <span class='ocr_line' id='line_1_1' title="bbox 303 481 1045 553; baseline 0 -1"><span class='ocrx_word' id='word_1_1' title='bbox 303 481 353 552; x_wconf 84' lang='lat'><strong>30</strong></span> <span class='ocrx_word' id='word_1_2' title='bbox 895 493 1045 553; x_wconf 76' lang='grc'><strong>666666</strong></span> 
     </span>
    </p>
   </div>
   <div class='ocr_carea' id='block_1_2' title="bbox 219 671 1662 3309">
    <p class='ocr_par' dir='ltr' id='par_1_2' title="bbox 301 671 1637 834">
     <span class='ocr_line' id='line_1_2' title="bbox 302 671 1637 750; baseline 0 -20"><span class='ocrx_word' id='word_1_3' title='bbox 302 677 315 730; x_wconf 79' lang='lat' dir='ltr'><strong><em>i</em></strong></span> <span class='ocrx_word' id='word_1_4' title='bbox 336 673 412 731; x_wconf 90' lang='lat' dir='ltr'><strong>illud</strong></span> <span class='ocrx_word' id='word_1_5' title='bbox 434 683 504 732; x_wconf 87' lang='lat' dir='ltr'><strong>ante</strong></span> <span class='ocrx_word' id='word_1_6' title='bbox 525 693 564 732; x_wconf 82' lang='lat' dir='ltr'><strong>aa</strong></span> <span class='ocrx_word' id='word_1_7' title='bbox 586 673 727 732; x_wconf 80' lang='lat' dir='ltr'><strong>suffixum</strong></span> <span class='ocrx_word' id='word_1_8' title='bbox 750 685 885 746; x_wconf 80' lang='lat' dir='ltr'><strong>servant3</strong></span> <span class='ocrx_word' id='word_1_9' title='bbox 907 675 938 732; x_wconf 90' lang='lat' dir='ltr'><strong>in</strong></span> <span class='ocrx_word' id='word_1_10' title='bbox 959 679 1044 732; x_wconf 74' lang='grc'><strong>16666</strong></span> <span class='ocrx_word' id='word_1_11' title='bbox 1065 674 1156 750; x_wconf 88' lang='lat' dir='ltr'><strong>igitur</strong></span> <span class='ocrx_word' id='word_1_12' title='bbox 1176 673 1305 731; x_wconf 83' lang='lat' dir='ltr'><strong>formata</strong></span> <span class='ocrx_word' id='word_1_13' title='bbox 1326 679 1398 731; x_wconf 88' lang='lat' dir='ltr'><strong>sunt</strong></span> <span class='ocrx_word' id='word_1_14' title='bbox 1418 671 1554 748; x_wconf 84' lang='lat' dir='ltr'>proprie,</span> <span class='ocrx_word' id='word_1_15' title='bbox 1575 689 1637 730; x_wconf 92' lang='grc'><strong>666</strong></span> 
     </span>
     <span class='ocr_line' id='line_1_3' title="bbox 301 775 437 834; baseline 0.015 -2"><span class='ocrx_word' id='word_1_16' title='bbox 301 775 333 833; x_wconf 90' lang='grc'><strong>16</strong></span> <span class='ocrx_word' id='word_1_17' title='bbox 354 794 437 834; x_wconf 80' lang='lat' dir='ltr'><strong>onas.</strong></span> 
     </span>
    </p>

    <p class='ocr_par' dir='ltr' id='par_1_3' title="bbox 219 874 1638 2082">
     <span class='ocr_line' id='line_1_4' title="bbox 385 874 1637 957; baseline -0.002 -21"><span class='ocrx_word' id='word_1_18' title='bbox 385 878 470 938; x_wconf 86' lang='lat' dir='ltr'><strong>Haec</strong></span> <span class='ocrx_word' id='word_1_19' title='bbox 489 880 709 956; x_wconf 80' lang='lat' dir='ltr'><strong>praemonenda</strong></span> <span class='ocrx_word' id='word_1_20' title='bbox 723 887 818 949; x_wconf 84' lang='lat' dir='ltr'><strong>erant,</strong></span> <span class='ocrx_word' id='word_1_21' title='bbox 840 881 1015 957; x_wconf 90' lang='lat' dir='ltr'><strong>priusquam</strong></span> <span class='ocrx_word' id='word_1_22' title='bbox 1031 878 1070 935; x_wconf 86' lang='lat' dir='ltr'><strong>ad</strong></span> <span class='ocrx_word' id='word_1_23' title='bbox 1084 879 1272 954; x_wconf 88' lang='lat' dir='ltr'><strong>propositum</strong></span> <span class='ocrx_word' id='word_1_24' title='bbox 1288 878 1428 936; x_wconf 84' lang='lat' dir='ltr'><strong>accedere</strong></span> <span class='ocrx_word' id='word_1_25' title='bbox 1440 875 1521 936; x_wconf 84' lang='lat' dir='ltr'><strong>licet.</strong></span> <span class='ocrx_word' id='word_1_26' title='bbox 1554 874 1637 934; x_wconf 85' lang='lat' dir='ltr'><strong>Nam</strong></span> 
     </span>
     <span class='ocr_line' id='line_1_5' title="bbox 302 977 1636 1058; baseline -0.001 -20"><span class='ocrx_word' id='word_1_27' title='bbox 302 977 361 1039; x_wconf 83' lang='lat' dir='ltr'><strong>dici</strong></span> <span class='ocrx_word' id='word_1_28' title='bbox 383 987 484 1058; x_wconf 85' lang='lat' dir='ltr'><strong>potest</strong></span> <span class='ocrx_word' id='word_1_29' title='bbox 509 981 599 1040; x_wconf 89' lang='lat' dir='ltr'><strong>etiam</strong></span> <span class='ocrx_word' id='word_1_30' title='bbox 627 981 664 1040; x_wconf 89' lang='lat' dir='ltr'><strong>dc</strong></span> <span class='ocrx_word' id='word_1_31' title='bbox 691 981 916 1058; x_wconf 75' lang='lat' dir='ltr'>quaestionibus</span> <span class='ocrx_word' id='word_1_32' title='bbox 937 981 1019 1040; x_wconf 90' lang='lat' dir='ltr'><strong>hisce</strong></span> <span class='ocrx_word' id='word_1_33' title='bbox 1041 981 1306 1058; x_wconf 84' lang='lat' dir='ltr'><strong>onomatologicis‚</strong></span> <span class='ocrx_word' id='word_1_34' title='bbox 1332 981 1413 1057; x_wconf 87' lang='lat' dir='ltr'><strong>quod</strong></span> <span class='ocrx_word' id='word_1_35' title='bbox 1439 979 1476 1037; x_wconf 87' lang='lat' dir='ltr'><strong>de</strong></span> <span class='ocrx_word' id='word_1_36' title='bbox 1497 979 1566 1036; x_wconf 88' lang='lat' dir='ltr'><strong>aliis</strong></span> <span class='ocrx_word' id='word_1_37' title='bbox 1587 998 1636 1037; x_wconf 87' lang='lat' dir='ltr'><strong>re·</strong></span> 
     </span>
     <span class='ocr_line' id='line_1_6' title="bbox 301 1081 1637 1161; baseline -0.001 -21"><span class='ocrx_word' id='word_1_38' title='bbox 301 1081 358 1141; x_wconf 91' lang='lat' dir='ltr'><strong>bus</strong></span> <span class='ocrx_word' id='word_1_39' title='bbox 379 1081 491 1142; x_wconf 88' lang='lat' dir='ltr'><strong>dictum</strong></span> <span class='ocrx_word' id='word_1_40' title='bbox 512 1093 573 1142; x_wconf 73' lang='lat' dir='ltr'><strong>ests</strong></span> <span class='ocrx_word' id='word_1_41' title='bbox 595 1083 691 1160; x_wconf 89' lang='lat' dir='ltr'><strong>siquis</strong></span> <span class='ocrx_word' id='word_1_42' title='bbox 713 1102 805 1142; x_wconf 86' lang='lat' dir='ltr'><strong>unum</strong></span> <span class='ocrx_word' id='word_1_43' title='bbox 827 1083 980 1142; x_wconf 85' lang='lat' dir='ltr'><strong>nominum</strong></span> <span class='ocrx_word' id='word_1_44' title='bbox 1002 1101 1097 1161; x_wconf 87' lang='lat' dir='ltr'><strong>genus</strong></span> <span class='ocrx_word' id='word_1_45' title='bbox 1119 1083 1212 1155; x_wconf 87' lang='lat' dir='ltr'><strong>norit,</strong></span> <span class='ocrx_word' id='word_1_46' title='bbox 1234 1083 1350 1141; x_wconf 91' lang='lat' dir='ltr'><strong>nullum</strong></span> <span class='ocrx_word' id='word_1_47' title='bbox 1371 1083 1468 1154; x_wconf 85' lang='lat' dir='ltr'><strong>novit3</strong></span> <span class='ocrx_word' id='word_1_48' title='bbox 1491 1081 1518 1139; x_wconf 87' lang='lat' dir='ltr'><strong>si</strong></span> <span class='ocrx_word' id='word_1_49' title='bbox 1533 1081 1637 1139; x_wconf 88' lang='lat' dir='ltr'><strong>omnia</strong></span> 
     </span>
     <span class='ocr_line' id='line_1_7' title="bbox 302 1167 1636 1262; baseline 0.002 -22"><span class='ocrx_word' id='word_1_50' title='bbox 302 1184 400 1258; x_wconf 89' lang='lat' dir='ltr'><strong>novit,</strong></span> <span class='ocrx_word' id='word_1_51' title='bbox 426 1204 520 1244; x_wconf 92' lang='lat' dir='ltr'><strong>unum</strong></span> <span class='ocrx_word' id='word_1_52' title='bbox 547 1187 639 1244; x_wconf 84' lang='lat' dir='ltr'><strong>norit.</strong></span> <span class='ocrx_word' id='word_1_53' title='bbox 681 1185 801 1245; x_wconf 85' lang='lat' dir='ltr'>Deinde</span> <span class='ocrx_word' id='word_1_54' title='bbox 826 1185 879 1262; x_wconf 95' lang='lat' dir='ltr'><strong>qui</strong></span> <span class='ocrx_word' id='word_1_55' title='bbox 904 1186 935 1243; x_wconf 92' lang='lat' dir='ltr'><strong>in</strong></span> <span class='ocrx_word' id='word_1_56' title='bbox 956 1167 1125 1244; x_wconf 85' lang='lat' dir='ltr'><strong>nominibus</strong></span> <span class='ocrx_word' id='word_1_57' title='bbox 1147 1185 1279 1262; x_wconf 89' lang='lat' dir='ltr'><strong>propriis</strong></span> <span class='ocrx_word' id='word_1_58' title='bbox 1300 1185 1463 1244; x_wconf 70' lang='lat' dir='ltr'><strong>tractandis</strong></span> <span class='ocrx_word' id='word_1_59' title='bbox 1485 1193 1636 1254; x_wconf 83' lang='lat' dir='ltr'><strong>versatur,</strong></span> 
     </span>
     <span class='ocr_line' id='line_1_8' title="bbox 302 1286 1636 1364; baseline 0 -20"><span class='ocrx_word' id='word_1_60' title='bbox 302 1286 330 1344; x_wconf 91' lang='lat' dir='ltr'><strong>ei</strong></span> <span class='ocrx_word' id='word_1_61' title='bbox 362 1306 428 1345; x_wconf 93' lang='lat' dir='ltr'><strong>cum</strong></span> <span class='ocrx_word' id='word_1_62' title='bbox 458 1289 546 1364; x_wconf 89' lang='lat' dir='ltr'><strong>quasi</strong></span> <span class='ocrx_word' id='word_1_63' title='bbox 572 1288 603 1346; x_wconf 91' lang='lat' dir='ltr'><strong>in</strong></span> <span class='ocrx_word' id='word_1_64' title='bbox 630 1306 743 1347; x_wconf 87' lang='lat' dir='ltr'><strong>oceano</strong></span> <span class='ocrx_word' id='word_1_65' title='bbox 770 1289 901 1364; x_wconf 86' lang='lat' dir='ltr'><strong>quodam</strong></span> <span class='ocrx_word' id='word_1_66' title='bbox 928 1288 1134 1364; x_wconf 83' lang='lat' dir='ltr'><strong>exemplorum</strong></span> <span class='ocrx_word' id='word_1_67' title='bbox 1161 1288 1324 1350; x_wconf 76' lang='lat' dir='ltr'><strong>natandum</strong></span> <span class='ocrx_word' id='word_1_68' title='bbox 1351 1287 1391 1345; x_wconf 88' lang='lat' dir='ltr'><strong>sit</strong></span> <span class='ocrx_word' id='word_1_69' title='bbox 1415 1287 1538 1364; x_wconf 85' lang='lat' dir='ltr'><strong>prodest</strong></span> <span class='ocrx_word' id='word_1_70' title='bbox 1568 1287 1636 1361; x_wconf 88' lang='lat' dir='ltr'><strong>qui-</strong></span> 
     </span>
     <span class='ocr_line' id='line_1_9' title="bbox 303 1389 1638 1467; baseline 0 -21"><span class='ocrx_word' id='word_1_71' title='bbox 303 1389 370 1447; x_wconf 87' lang='lat' dir='ltr'><strong>dem</strong></span> <span class='ocrx_word' id='word_1_72' title='bbox 392 1390 466 1448; x_wconf 84' lang='lat' dir='ltr'><strong>haee</strong></span> <span class='ocrx_word' id='word_1_73' title='bbox 487 1390 589 1467; x_wconf 79' lang='lat' dir='ltr'><strong>copia,</strong></span> <span class='ocrx_word' id='word_1_74' title='bbox 615 1409 684 1448; x_wconf 88' lang='lat' dir='ltr'><strong>nam</strong></span> <span class='ocrx_word' id='word_1_75' title='bbox 707 1410 745 1448; x_wconf 86' lang='lat' dir='ltr'><strong>ex</strong></span> <span class='ocrx_word' id='word_1_76' title='bbox 766 1391 926 1448; x_wconf 81' lang='lat' dir='ltr'><strong>multarum</strong></span> <span class='ocrx_word' id='word_1_77' title='bbox 949 1409 1047 1448; x_wconf 91' lang='lat' dir='ltr'><strong>rerum</strong></span> <span class='ocrx_word' id='word_1_78' title='bbox 1070 1391 1117 1448; x_wconf 80' lang='lat' dir='ltr'><strong>vel</strong></span> <span class='ocrx_word' id='word_1_79' title='bbox 1139 1389 1351 1467; x_wconf 74' lang='lat' dir='ltr'><strong>aequabilitate</strong></span> <span class='ocrx_word' id='word_1_80' title='bbox 1372 1389 1421 1447; x_wconf 85' lang='lat' dir='ltr'><strong>vel</strong></span> <span class='ocrx_word' id='word_1_81' title='bbox 1442 1389 1638 1447; x_wconf 89' lang='lat' dir='ltr'><strong>similitudine</strong></span> 
     </span>
     <span class='ocr_line' id='line_1_10' title="bbox 296 1491 1636 1572; baseline -0.001 -22"><span class='ocrx_word' id='word_1_82' title='bbox 296 1509 377 1572; x_wconf 32' lang='lat' dir='ltr'><strong>‘usus</strong></span> <span class='ocrx_word' id='word_1_83' title='bbox 402 1492 484 1568; x_wconf 81' lang='lat' dir='ltr'><strong>leges</strong></span> <span class='ocrx_word' id='word_1_84' title='bbox 509 1492 600 1570; x_wconf 90' lang='lat' dir='ltr'><strong>plene</strong></span> <span class='ocrx_word' id='word_1_85' title='bbox 624 1493 754 1570; x_wconf 79' lang='lat' dir='ltr'><strong>perspici</strong></span> <span class='ocrx_word' id='word_1_86' title='bbox 780 1500 921 1569; x_wconf 86' lang='lat' dir='ltr'><strong>possunt,</strong></span> <span class='ocrx_word' id='word_1_87' title='bbox 948 1491 1000 1551; x_wconf 87' lang='lat' dir='ltr'><strong>sed</strong></span> <span class='ocrx_word' id='word_1_88' title='bbox 1021 1492 1125 1552; x_wconf 85' lang='lat' dir='ltr'><strong>eadem</strong></span> <span class='ocrx_word' id='word_1_89' title='bbox 1147 1493 1236 1552; x_wconf 84' lang='lat' dir='ltr'><strong>etiam</strong></span> <span class='ocrx_word' id='word_1_90' title='bbox 1259 1491 1554 1552; x_wconf 77' lang='lat' dir='ltr'><strong>difficultates¹creat</strong></span> <span class='ocrx_word' id='word_1_91' title='bbox 1574 1509 1636 1549; x_wconf 92' lang='lat' dir='ltr'><strong>non</strong></span> 
     </span>
     <span class='ocr_line' id='line_1_11' title="bbox 219 1593 1638 1671; baseline -0.002 -17"><span class='ocrx_word' id='word_1_92' title='bbox 219 1647 223 1660; x_wconf 83' lang='lat'><strong>.</strong></span> <span class='ocrx_word' id='word_1_93' title='bbox 302 1612 428 1671; x_wconf 77' lang='lat' dir='ltr'><strong>parvas3</strong></span> <span class='ocrx_word' id='word_1_94' title='bbox 454 1613 524 1652; x_wconf 89' lang='lat' dir='ltr'><strong>nam</strong></span> <span class='ocrx_word' id='word_1_95' title='bbox 550 1605 625 1671; x_wconf 90' lang='lat' dir='ltr'><strong>quot</strong></span> <span class='ocrx_word' id='word_1_96' title='bbox 651 1595 806 1671; x_wconf 81' lang='lat' dir='ltr'><strong>exempla,</strong></span> <span class='ocrx_word' id='word_1_97' title='bbox 831 1603 877 1652; x_wconf 88' lang='lat' dir='ltr'><strong>tot</strong></span> <span class='ocrx_word' id='word_1_98' title='bbox 902 1595 992 1653; x_wconf 87' lang='lat' dir='ltr'><strong>etiam</strong></span> <span class='ocrx_word' id='word_1_99' title='bbox 1020 1594 1083 1652; x_wconf 85' lang='lat' dir='ltr'><strong>sere</strong></span> <span class='ocrx_word' id='word_1_100' title='bbox 1109 1594 1141 1652; x_wconf 91' lang='lat' dir='ltr'><strong>in</strong></span> <span class='ocrx_word' id='word_1_101' title='bbox 1167 1613 1223 1652; x_wconf 87' lang='lat' dir='ltr'><strong>usu</strong></span> <span class='ocrx_word' id='word_1_102' title='bbox 1250 1594 1405 1653; x_wconf 78' lang='lat' dir='ltr'><strong>libertates</strong></span> <span class='ocrx_word' id='word_1_103' title='bbox 1431 1593 1638 1654; x_wconf 82' lang='lat' dir='ltr'><strong>observandae</strong></span> 
     </span>
     <span class='ocr_line' id='line_1_12' title="bbox 303 1695 1637 1780; baseline -0.001 -25"><span class='ocrx_word' id='word_1_104' title='bbox 303 1705 383 1756; x_wconf 89' lang='lat' dir='ltr'><strong>sunt.</strong></span> <span class='ocrx_word' id='word_1_105' title='bbox 431 1695 554 1756; x_wconf 88' lang='lat' dir='ltr'><strong>Certum</strong></span> <span class='ocrx_word' id='word_1_106' title='bbox 581 1707 680 1756; x_wconf 90' lang='lat' dir='ltr'><strong>tamen</strong></span> <span class='ocrx_word' id='word_1_107' title='bbox 706 1708 812 1757; x_wconf 81' lang='lat' dir='ltr'><strong>estex</strong></span> <span class='ocrx_word' id='word_1_108' title='bbox 839 1698 991 1755; x_wconf 86' lang='lat' dir='ltr'><strong>nominum</strong></span> <span class='ocrx_word' id='word_1_109' title='bbox 1020 1697 1207 1774; x_wconf 89' lang='lat' dir='ltr'><strong>propriorum</strong></span> <span class='ocrx_word' id='word_1_110' title='bbox 1234 1697 1413 1780; x_wconf 76' lang='lat' dir='ltr'><strong>formatione</strong></span> <span class='ocrx_word' id='word_1_111' title='bbox 1439 1696 1533 1754; x_wconf 84' lang='lat' dir='ltr'><strong>mults</strong></span> <span class='ocrx_word' id='word_1_112' title='bbox 1559 1695 1637 1756; x_wconf 88' lang='lat' dir='ltr'><strong>disci</strong></span> 
     </span>
     <span class='ocr_line' id='line_1_13' title="bbox 303 1798 1636 1876; baseline 0 -20"><span class='ocrx_word' id='word_1_113' title='bbox 303 1816 410 1874; x_wconf 88' lang='lat' dir='ltr'><strong>posse,</strong></span> <span class='ocrx_word' id='word_1_114' title='bbox 435 1817 514 1876; x_wconf 83' lang='lat' dir='ltr'><strong>quae</strong></span> <span class='ocrx_word' id='word_1_115' title='bbox 535 1809 596 1858; x_wconf 84' lang='lat' dir='ltr'><strong>tam</strong></span> <span class='ocrx_word' id='word_1_116' title='bbox 618 1801 658 1858; x_wconf 87' lang='lat' dir='ltr'><strong>ad</strong></span> <span class='ocrx_word' id='word_1_117' title='bbox 678 1809 772 1858; x_wconf 85' lang='lat' dir='ltr'><strong>artem</strong></span> <span class='ocrx_word' id='word_1_118' title='bbox 794 1799 1019 1876; x_wconf 85' lang='lat' dir='ltr'><strong>grammaticam</strong></span> <span class='ocrx_word' id='word_1_119' title='bbox 1042 1800 1206 1875; x_wconf 85' lang='lat' dir='ltr'><strong>pertinent,</strong></span> <span class='ocrx_word' id='word_1_120' title='bbox 1227 1817 1319 1875; x_wconf 86' lang='lat' dir='ltr'><strong>qnam</strong></span> <span class='ocrx_word' id='word_1_121' title='bbox 1341 1799 1455 1858; x_wconf 80' lang='lat' dir='ltr'><strong>iaciunt</strong></span> <span class='ocrx_word' id='word_1_122' title='bbox 1475 1798 1514 1856; x_wconf 88' lang='lat' dir='ltr'><strong>ad</strong></span> <span class='ocrx_word' id='word_1_123' title='bbox 1534 1818 1636 1857; x_wconf 88' lang='lat' dir='ltr'><strong>rerum</strong></span> 
     </span>
     <span class='ocr_line' id='line_1_14' title="bbox 305 1900 1636 1979; baseline -0.001 -20"><span class='ocrx_word' id='word_1_124' title='bbox 305 1902 519 1978; x_wconf 84' lang='lat' dir='ltr'><strong>hominumque</strong></span> <span class='ocrx_word' id='word_1_125' title='bbox 545 1901 701 1960; x_wconf 77' lang='lat' dir='ltr'><strong>historiam</strong></span> <span class='ocrx_word' id='word_1_126' title='bbox 730 1903 840 1962; x_wconf 86' lang='lat' dir='ltr'><strong>rectius</strong></span> <span class='ocrx_word' id='word_1_127' title='bbox 869 1901 1110 1978; x_wconf 84' lang='lat' dir='ltr'><strong>intellegendam.</strong></span> <span class='ocrx_word' id='word_1_128' title='bbox 1153 1902 1260 1977; x_wconf 86' lang='lat' dir='ltr'><strong>Itaque</strong></span> <span class='ocrx_word' id='word_1_129' title='bbox 1279 1900 1443 1979; x_wconf 92' lang='lat' dir='ltr'><strong>periculum</strong></span> <span class='ocrx_word' id='word_1_130' title='bbox 1465 1901 1636 1960; x_wconf 84' lang='lat' dir='ltr'><strong>faciendum</strong></span> 
     </span>
     <span class='ocr_line' id='line_1_15' title="bbox 304 1999 1127 2082; baseline 0 -20"><span class='ocrx_word' id='word_1_131' title='bbox 304 2011 394 2082; x_wconf 85' lang='lat' dir='ltr'><strong>atque</strong></span> <span class='ocrx_word' id='word_1_132' title='bbox 420 2004 459 2062; x_wconf 91' lang='lat' dir='ltr'><strong>ab</strong></span> <span class='ocrx_word' id='word_1_133' title='bbox 479 2022 540 2063; x_wconf 90' lang='lat' dir='ltr'><strong>uno</strong></span> <span class='ocrx_word' id='word_1_134' title='bbox 562 2004 663 2080; x_wconf 87' lang='lat' dir='ltr'><strong>aliquo</strong></span> <span class='ocrx_word' id='word_1_135' title='bbox 685 2021 794 2082; x_wconf 82' lang='lat' dir='ltr'><strong>genere</strong></span> <span class='ocrx_word' id='word_1_136' title='bbox 815 2004 1019 2081; x_wconf 88' lang='lat' dir='ltr'><strong>incipiendum</strong></span> <span class='ocrx_word' id='word_1_137' title='bbox 1041 2015 1096 2062; x_wconf 88' lang='lat' dir='ltr'><strong>est.</strong></span> <span class='ocrx_word' id='word_1_138' title='bbox 1125 1999 1127 2012; x_wconf 89' lang='lat'>&#39;</span> 
     </span>
    </p>

    <p class='ocr_par' dir='ltr' id='par_1_4' title="bbox 302 2104 1662 3309">
     <span class='ocr_line' id='line_1_16' title="bbox 386 2104 1638 2184; baseline -0.002 -19"><span class='ocrx_word' id='word_1_139' title='bbox 386 2104 550 2183; x_wconf 87' lang='lat' dir='ltr'><strong>Composui</strong></span> <span class='ocrx_word' id='word_1_140' title='bbox 575 2107 668 2183; x_wconf 84' lang='lat' dir='ltr'><strong>igitur</strong></span> <span class='ocrx_word' id='word_1_141' title='bbox 693 2106 807 2166; x_wconf 89' lang='lat' dir='ltr'><strong>indices</strong></span> <span class='ocrx_word' id='word_1_142' title='bbox 835 2116 910 2178; x_wconf 86' lang='lat' dir='ltr'><strong>tres,</strong></span> <span class='ocrx_word' id='word_1_143' title='bbox 936 2108 1066 2184; x_wconf 91' lang='lat' dir='ltr'><strong>primum</strong></span> <span class='ocrx_word' id='word_1_144' title='bbox 1093 2107 1312 2183; x_wconf 87' lang='lat' dir='ltr'><strong>gentiliciorum</strong></span> <span class='ocrx_word' id='word_1_145' title='bbox 1338 2107 1369 2164; x_wconf 90' lang='grc'><strong>16</strong></span> <span class='ocrx_word' id='word_1_146' title='bbox 1391 2126 1479 2175; x_wconf 71' lang='lat' dir='ltr'><strong>om,</strong></span> <span class='ocrx_word' id='word_1_147' title='bbox 1507 2106 1638 2164; x_wconf 84' lang='lat' dir='ltr'><strong>alterum</strong></span> 
     </span>
     <span class='ocr_line' id='line_1_17' title="bbox 302 2208 1637 2287; baseline 0 -21"><span class='ocrx_word' id='word_1_148' title='bbox 302 2208 511 2285; x_wconf 82' lang='lat' dir='ltr'><strong>cognominum</strong></span> <span class='ocrx_word' id='word_1_149' title='bbox 538 2209 570 2268; x_wconf 92' lang='lat' dir='ltr'><strong>in</strong></span> <span class='ocrx_word' id='word_1_150' title='bbox 599 2227 687 2280; x_wconf 78' lang='lat' dir='ltr'><strong>aeus,</strong></span> <span class='ocrx_word' id='word_1_151' title='bbox 716 2227 794 2286; x_wconf 84' lang='lat' dir='ltr'><strong>quae</strong></span> <span class='ocrx_word' id='word_1_152' title='bbox 822 2209 941 2285; x_wconf 89' lang='lat' dir='ltr'><strong>quidem</strong></span> <span class='ocrx_word' id='word_1_153' title='bbox 969 2228 988 2266; x_wconf 93' lang='lat' dir='ltr'><strong>a</strong></span> <span class='ocrx_word' id='word_1_154' title='bbox 1015 2209 1092 2268; x_wconf 92' lang='lat' dir='ltr'><strong>locis</strong></span> <span class='ocrx_word' id='word_1_155' title='bbox 1121 2209 1214 2267; x_wconf 85' lang='lat' dir='ltr'><strong>videri</strong></span> <span class='ocrx_word' id='word_1_156' title='bbox 1240 2217 1371 2287; x_wconf 84' lang='lat' dir='ltr'><strong>possunt</strong></span> <span class='ocrx_word' id='word_1_157' title='bbox 1396 2209 1530 2268; x_wconf 85' lang='lat' dir='ltr'><strong>derivata</strong></span> <span class='ocrx_word' id='word_1_158' title='bbox 1556 2225 1637 2280; x_wconf 88' lang='lat' dir='ltr'><strong>esse,</strong></span> 
     </span>
     <span class='ocr_line' id='line_1_18' title="bbox 302 2310 1639 2389; baseline 0.001 -22"><span class='ocrx_word' id='word_1_159' title='bbox 302 2311 423 2368; x_wconf 87' lang='lat' dir='ltr'><strong>tertium</strong></span> <span class='ocrx_word' id='word_1_160' title='bbox 449 2311 668 2387; x_wconf 83' lang='lat' dir='ltr'><strong>gentiliciorum</strong></span> <span class='ocrx_word' id='word_1_161' title='bbox 690 2312 722 2371; x_wconf 90' lang='lat' dir='ltr'><strong>in</strong></span> <span class='ocrx_word' id='word_1_162' title='bbox 744 2315 842 2383; x_wconf 79' lang='grc'><strong>66166,</strong></span> <span class='ocrx_word' id='word_1_163' title='bbox 870 2328 948 2386; x_wconf 86' lang='lat' dir='ltr'><strong>quae</strong></span> <span class='ocrx_word' id='word_1_164' title='bbox 969 2311 1103 2370; x_wconf 86' lang='lat' dir='ltr'><strong>eiusdem</strong></span> <span class='ocrx_word' id='word_1_165' title='bbox 1126 2310 1270 2371; x_wconf 82' lang='lat' dir='ltr'><strong>similisve</strong></span> <span class='ocrx_word' id='word_1_166' title='bbox 1291 2312 1416 2389; x_wconf 86' lang='lat' dir='ltr'><strong>originis</strong></span> <span class='ocrx_word' id='word_1_167' title='bbox 1437 2329 1507 2371; x_wconf 90' lang='lat' dir='ltr'><strong>esse</strong></span> <span class='ocrx_word' id='word_1_168' title='bbox 1526 2311 1639 2388; x_wconf 86' lang='lat' dir='ltr'><strong>proba-</strong></span> 
     </span>
     <span class='ocr_line' id='line_1_19' title="bbox 303 2412 1640 2492; baseline 0.001 -21"><span class='ocrx_word' id='word_1_169' title='bbox 303 2412 364 2471; x_wconf 87' lang='lat' dir='ltr'><strong>bile</strong></span> <span class='ocrx_word' id='word_1_170' title='bbox 384 2423 438 2472; x_wconf 80' lang='lat' dir='ltr'><strong>est.</strong></span> <span class='ocrx_word' id='word_1_171' title='bbox 476 2413 589 2473; x_wconf 88' lang='lat' dir='ltr'><strong>Plenus</strong></span> <span class='ocrx_word' id='word_1_172' title='bbox 611 2433 664 2474; x_wconf 88' lang='lat' dir='ltr'><strong>eos</strong></span> <span class='ocrx_word' id='word_1_173' title='bbox 685 2433 747 2473; x_wconf 91' lang='lat' dir='ltr'><strong>non</strong></span> <span class='ocrx_word' id='word_1_174' title='bbox 769 2431 837 2472; x_wconf 88' lang='lat' dir='ltr'><strong>esse</strong></span> <span class='ocrx_word' id='word_1_175' title='bbox 858 2415 936 2485; x_wconf 88' lang='lat' dir='ltr'><strong>scio;</strong></span> <span class='ocrx_word' id='word_1_176' title='bbox 957 2414 1058 2491; x_wconf 86' lang='lat' dir='ltr'><strong>recepi</strong></span> <span class='ocrx_word' id='word_1_177' title='bbox 1080 2423 1177 2474; x_wconf 85' lang='lat' dir='ltr'><strong>sutem</strong></span> <span class='ocrx_word' id='word_1_178' title='bbox 1200 2422 1348 2492; x_wconf 90' lang='lat' dir='ltr'><strong>quotquot</strong></span> <span class='ocrx_word' id='word_1_179' title='bbox 1368 2414 1476 2489; x_wconf 83' lang='lat' dir='ltr'><strong>collegi</strong></span> <span class='ocrx_word' id='word_1_180' title='bbox 1498 2413 1640 2490; x_wconf 81' lang='lat' dir='ltr'><strong>exempla</strong></span> 
     </span>
     <span class='ocr_line' id='line_1_20' title="bbox 303 2515 1638 2594; baseline -0.001 -21"><span class='ocrx_word' id='word_1_181' title='bbox 303 2533 342 2574; x_wconf 85' lang='lat' dir='ltr'><strong>ex</strong></span> <span class='ocrx_word' id='word_1_182' title='bbox 364 2515 560 2592; x_wconf 83' lang='lat' dir='ltr'><strong>scriptoribus</strong></span> <span class='ocrx_word' id='word_1_183' title='bbox 581 2526 611 2574; x_wconf 90' lang='lat' dir='ltr'><strong>et</strong></span> <span class='ocrx_word' id='word_1_184' title='bbox 632 2515 758 2594; x_wconf 87' lang='lat' dir='ltr'><strong>syllogis</strong></span> <span class='ocrx_word' id='word_1_185' title='bbox 780 2516 1009 2593; x_wconf 89' lang='lat' dir='ltr'><strong>inscriptionum</strong></span> <span class='ocrx_word' id='word_1_186' title='bbox 1030 2516 1117 2574; x_wconf 88' lang='lat' dir='ltr'><strong>editis</strong></span> <span class='ocrx_word' id='word_1_187' title='bbox 1139 2517 1318 2590; x_wconf 87' lang='lat' dir='ltr'><strong>maioribus,</strong></span> <span class='ocrx_word' id='word_1_188' title='bbox 1346 2534 1422 2593; x_wconf 88' lang='lat' dir='ltr'><strong>quse</strong></span> <span class='ocrx_word' id='word_1_189' title='bbox 1448 2515 1506 2574; x_wconf 87' lang='lat' dir='ltr'><strong>lide</strong></span> <span class='ocrx_word' id='word_1_190' title='bbox 1528 2515 1638 2592; x_wconf 82' lang='lat' dir='ltr'><strong>dignae</strong></span> 
     </span>
     <span class='ocr_line' id='line_1_21' title="bbox 303 2615 1639 2697; baseline -0.001 -21"><span class='ocrx_word' id='word_1_191' title='bbox 303 2626 383 2676; x_wconf 86' lang='lat' dir='ltr'><strong>sunt.</strong></span> <span class='ocrx_word' id='word_1_192' title='bbox 427 2615 572 2694; x_wconf 85' lang='lat' dir='ltr'><strong>Corporis</strong></span> <span class='ocrx_word' id='word_1_193' title='bbox 599 2619 828 2697; x_wconf 88' lang='lat' dir='ltr'><strong>inscriptionum</strong></span> <span class='ocrx_word' id='word_1_194' title='bbox 849 2617 1026 2677; x_wconf 84' lang='lat' dir='ltr'><strong>Latinarum</strong></span> <span class='ocrx_word' id='word_1_195' title='bbox 1052 2619 1142 2677; x_wconf 88' lang='lat' dir='ltr'><strong>etiarn</strong></span> <span class='ocrx_word' id='word_1_196' title='bbox 1164 2638 1200 2677; x_wconf 88' lang='lat' dir='ltr'><strong>ea</strong></span> <span class='ocrx_word' id='word_1_197' title='bbox 1222 2619 1375 2677; x_wconf 87' lang='lat' dir='ltr'><strong>volumina</strong></span> <span class='ocrx_word' id='word_1_198' title='bbox 1391 2618 1531 2688; x_wconf 81' lang='lat' dir='ltr'><strong>adhibui,</strong></span> <span class='ocrx_word' id='word_1_199' title='bbox 1559 2636 1639 2692; x_wconf 90' lang='lat' dir='ltr'><strong>quae</strong></span> 
     </span>
     <span class='ocr_line' id='line_1_22' title="bbox 303 2719 1638 2797; baseline -0.001 -19"><span class='ocrx_word' id='word_1_200' title='bbox 303 2720 435 2778; x_wconf 83' lang='lat' dir='ltr'><strong>nondum</strong></span> <span class='ocrx_word' id='word_1_201' title='bbox 456 2721 571 2797; x_wconf 92' lang='lat' dir='ltr'><strong>publici</strong></span> <span class='ocrx_word' id='word_1_202' title='bbox 592 2720 666 2780; x_wconf 88' lang='lat' dir='ltr'><strong>iuris</strong></span> <span class='ocrx_word' id='word_1_203' title='bbox 688 2721 873 2793; x_wconf 87' lang='lat' dir='ltr'><strong>factasunt,</strong></span> <span class='ocrx_word' id='word_1_204' title='bbox 895 2721 966 2779; x_wconf 87' lang='lat' dir='ltr'><strong>item</strong></span> <span class='ocrx_word' id='word_1_205' title='bbox 989 2721 1116 2780; x_wconf 84' lang='lat' dir='ltr'><strong>schedas</strong></span> <span class='ocrx_word' id='word_1_206' title='bbox 1139 2721 1177 2780; x_wconf 82' lang='lat' dir='ltr'><strong>ad</strong></span> <span class='ocrx_word' id='word_1_207' title='bbox 1198 2721 1300 2780; x_wconf 83' lang='lat' dir='ltr'><strong>futura</strong></span> <span class='ocrx_word' id='word_1_208' title='bbox 1321 2721 1472 2780; x_wconf 87' lang='lat' dir='ltr'><strong>volumina</strong></span> <span class='ocrx_word' id='word_1_209' title='bbox 1494 2719 1638 2777; x_wconf 83' lang='lat' dir='ltr'><strong>collectas</strong></span> 
     </span>
     <span class='ocr_line' id='line_1_23' title="bbox 303 2820 1638 2900; baseline -0.003 -18"><span class='ocrx_word' id='word_1_210' title='bbox 303 2841 343 2882; x_wconf 86' lang='lat' dir='ltr'><strong>ex</strong></span> <span class='ocrx_word' id='word_1_211' title='bbox 368 2831 470 2900; x_wconf 83' lang='lat' dir='ltr'><strong>parte3</strong></span> <span class='ocrx_word' id='word_1_212' title='bbox 498 2823 633 2882; x_wconf 83' lang='lat' dir='ltr'><strong>Henzeni</strong></span> <span class='ocrx_word' id='word_1_213' title='bbox 663 2823 789 2883; x_wconf 81' lang='lat' dir='ltr'><strong>schedas</strong></span> <span class='ocrx_word' id='word_1_214' title='bbox 817 2824 947 2883; x_wconf 85' lang='lat' dir='ltr'><strong>urbanas</strong></span> <span class='ocrx_word' id='word_1_215' title='bbox 973 2823 1123 2899; x_wconf 87' lang='lat' dir='ltr'><strong>inspicere</strong></span> <span class='ocrx_word' id='word_1_216' title='bbox 1148 2824 1233 2900; x_wconf 92' lang='lat' dir='ltr'><strong>potui</strong></span> <span class='ocrx_word' id='word_1_217' title='bbox 1261 2823 1376 2882; x_wconf 86' lang='lat' dir='ltr'><strong>Romae</strong></span> <span class='ocrx_word' id='word_1_218' title='bbox 1401 2843 1428 2881; x_wconf 79' lang='lat' dir='ltr'><strong>a.</strong></span> <span class='ocrx_word' id='word_1_219' title='bbox 1448 2820 1536 2880; x_wconf 98' lang='grc'><strong>1856.</strong></span> <span class='ocrx_word' id='word_1_220' title='bbox 1586 2820 1638 2879; x_wconf 82' lang='lat' dir='ltr'><strong>Ex</strong></span> 
     </span>
     <span class='ocr_line' id='line_1_24' title="bbox 303 2923 1638 3003; baseline -0.003 -19"><span class='ocrx_word' id='word_1_221' title='bbox 303 2925 428 3002; x_wconf 75' lang='lat' dir='ltr'><strong>syllogis</strong></span> <span class='ocrx_word' id='word_1_222' title='bbox 449 2926 631 2998; x_wconf 86' lang='lat' dir='ltr'><strong>minoribus,</strong></span> <span class='ocrx_word' id='word_1_223' title='bbox 653 2943 731 3002; x_wconf 90' lang='lat' dir='ltr'><strong>quae</strong></span> <span class='ocrx_word' id='word_1_224' title='bbox 753 2926 939 3002; x_wconf 85' lang='lat' dir='ltr'><strong>singulorum</strong></span> <span class='ocrx_word' id='word_1_225' title='bbox 961 2926 1095 2984; x_wconf 90' lang='lat' dir='ltr'><strong>locorum</strong></span> <span class='ocrx_word' id='word_1_226' title='bbox 1117 2925 1221 2984; x_wconf 86' lang='lat' dir='ltr'><strong>titulos</strong></span> <span class='ocrx_word' id='word_1_227' title='bbox 1244 2927 1413 2997; x_wconf 88' lang='lat' dir='ltr'><strong>continent,</strong></span> <span class='ocrx_word' id='word_1_228' title='bbox 1434 2923 1638 3003; x_wconf 88' lang='lat' dir='ltr'><strong>paucissimas</strong></span> 
     </span>
     <span class='ocr_line' id='line_1_25' title="bbox 303 3017 1662 3106; baseline -0.001 -20"><span class='ocrx_word' id='word_1_229' title='bbox 303 3020 464 3105; x_wconf 79' lang='lat' dir='ltr'><strong>usurpavi3</strong></span> <span class='ocrx_word' id='word_1_230' title='bbox 490 3028 570 3105; x_wconf 90' lang='lat' dir='ltr'><strong>quod</strong></span> <span class='ocrx_word' id='word_1_231' title='bbox 596 3027 769 3104; x_wconf 86' lang='lat' dir='ltr'><strong>probabunt</strong></span> <span class='ocrx_word' id='word_1_232' title='bbox 788 3027 887 3103; x_wconf 87' lang='lat' dir='ltr'><strong>periti.</strong></span> <span class='ocrx_word' id='word_1_233' title='bbox 930 3029 1065 3087; x_wconf 84' lang='lat' dir='ltr'><strong>Incertae</strong></span> <span class='ocrx_word' id='word_1_234' title='bbox 1092 3029 1229 3088; x_wconf 89' lang='lat' dir='ltr'><strong>lectionis</strong></span> <span class='ocrx_word' id='word_1_235' title='bbox 1257 3028 1396 3106; x_wconf 87' lang='lat' dir='ltr'><strong>exempla</strong></span> <span class='ocrx_word' id='word_1_236' title='bbox 1424 3026 1518 3087; x_wconf 89' lang='lat' dir='ltr'><strong>multa</strong></span> <span class='ocrx_word' id='word_1_237' title='bbox 1538 3017 1662 3084; x_wconf 59' lang='lat' dir='ltr'><strong>sciens&#39;</strong></span> 
     </span>
     <span class='ocr_line' id='line_1_26' title="bbox 303 3126 1637 3209; baseline 0 -23"><span class='ocrx_word' id='word_1_238' title='bbox 303 3129 408 3202; x_wconf 78' lang='lat' dir='ltr'><strong>omisi3</strong></span> <span class='ocrx_word' id='word_1_239' title='bbox 434 3129 579 3190; x_wconf 90' lang='lat' dir='ltr'><strong>nonnulla</strong></span> <span class='ocrx_word' id='word_1_240' title='bbox 596 3131 730 3208; x_wconf 86' lang='lat' dir='ltr'><strong>recipere</strong></span> <span class='ocrx_word' id='word_1_241' title='bbox 752 3130 826 3189; x_wconf 87' lang='lat' dir='ltr'><strong>utile</strong></span> <span class='ocrx_word' id='word_1_242' title='bbox 847 3131 947 3190; x_wconf 84' lang='lat' dir='ltr'><strong>risum</strong></span> <span class='ocrx_word' id='word_1_243' title='bbox 968 3138 1028 3203; x_wconf 85' lang='lat' dir='ltr'><strong>est,</strong></span> <span class='ocrx_word' id='word_1_244' title='bbox 1057 3131 1110 3190; x_wconf 86' lang='lat' dir='ltr'><strong>sed</strong></span> <span class='ocrx_word' id='word_1_245' title='bbox 1131 3130 1327 3190; x_wconf 86' lang='lat' dir='ltr'><strong>dubitationis</strong></span> <span class='ocrx_word' id='word_1_246' title='bbox 1349 3131 1436 3209; x_wconf 84' lang='lat' dir='ltr'><strong>siguo</strong></span> <span class='ocrx_word' id='word_1_247' title='bbox 1458 3126 1637 3206; x_wconf 76' lang='lat' dir='ltr'><strong>(asterisco)</strong></span> 
     </span>
     <span class='ocr_line' id='line_1_27' title="bbox 304 3232 504 3309; baseline -0.01 -17"><span class='ocrx_word' id='word_1_248' title='bbox 304 3232 454 3309; x_wconf 86' lang='lat' dir='ltr'><strong>adposito.</strong></span> <span class='ocrx_word' id='word_1_249' title='bbox 495 3277 504 3290; x_wconf 93' lang='lat'><strong>.</strong></span> 
     </span>
    </p>
   </div>
   <div class='ocr_carea' id='block_1_3' title="bbox 648 3525 1292 3633">
    <p class='ocr_par' dir='ltr' id='par_1_5' title="bbox 648 3525 1292 3633">
     <span class='ocr_line' id='line_1_28' title="bbox 648 3525 1292 3633; baseline -0.003 -25"><span class='ocrx_word' id='word_1_250' title='bbox 648 3531 677 3608; x_wconf 93' lang='grc' dir='ltr'><strong>Ι.</strong></span> <span class='ocrx_word' id='word_1_251' title='bbox 729 3525 888 3608; x_wconf 87' lang='lat' dir='ltr'><strong>Nomina</strong></span> <span class='ocrx_word' id='word_1_252' title='bbox 914 3531 1100 3633; x_wconf 82' lang='lat' dir='ltr'><strong>gentilicia</strong></span> <span class='ocrx_word' id='word_1_253' title='bbox 1124 3533 1162 3607; x_wconf 91' lang='lat' dir='ltr'><strong>in</strong></span> <span class='ocrx_word' id='word_1_254' title='bbox 1189 3558 1292 3608; x_wconf 78' lang='lat' dir='ltr'><strong>anus.</strong></span> 
     </span>
    </p>
   </div>
   <div class='ocr_carea' id='block_1_4' title="bbox 197 3744 1638 3836">
    <p class='ocr_par' dir='ltr' id='par_1_6' title="bbox 197 3744 1638 3836">
     <span class='ocr_line' id='line_1_29' title="bbox 197 3744 1638 3836; baseline 0 -31"><span class='ocrx_word' id='word_1_255' title='bbox 197 3827 200 3836; x_wconf 32' lang='grc' dir='ltr'>Ι</span> <span class='ocrx_word' id='word_1_256' title='bbox 305 3748 503 3808; x_wconf 67' lang='grc'><strong>1166666666</strong></span> <span class='ocrx_word' id='word_1_257' title='bbox 557 3744 590 3805; x_wconf 86' lang='lat' dir='ltr'><strong>C.</strong></span> <span class='ocrx_word' id='word_1_258' title='bbox 613 3746 775 3807; x_wconf 77' lang='lat' dir='ltr'><strong>Abellanos</strong></span> <span class='ocrx_word' id='word_1_259' title='bbox 796 3748 882 3808; x_wconf 77' lang='lat' dir='ltr'><strong>Felix</strong></span> <span class='ocrx_word' id='word_1_260' title='bbox 906 3748 1021 3807; x_wconf 87' lang='lat' dir='ltr'><strong>Romae</strong></span> <span class='ocrx_word' id='word_1_261' title='bbox 1048 3748 1182 3807; x_wconf 88' lang='lat' dir='ltr'><strong>Fabretti</strong></span> <span class='ocrx_word' id='word_1_262' title='bbox 1210 3747 1414 3824; x_wconf 85' lang='lat' dir='ltr'><strong>p.1,111=</strong></span> <span class='ocrx_word' id='word_1_263' title='bbox 1438 3744 1517 3807; x_wconf 88' lang='lat' dir='ltr'><strong>Gori</strong></span> <span class='ocrx_word' id='word_1_264' title='bbox 1538 3749 1564 3819; x_wconf 93' lang='grc'><strong>1,</strong></span> <span class='ocrx_word' id='word_1_265' title='bbox 1587 3747 1638 3822; x_wconf 90' lang='grc'><strong>61,</strong></span> 
     </span>
    </p>
   </div>
   <div class='ocr_carea' id='block_1_5' title="bbox 306 3847 1638 4541">
    <p class='ocr_par' dir='ltr' id='par_1_7' title="bbox 306 3847 1638 4541">
     <span class='ocr_line' id='line_1_30' title="bbox 638 3847 1636 3927; baseline -0.001 -19"><span class='ocrx_word' id='word_1_266' title='bbox 638 3851 707 3911; x_wconf 89' lang='grc'><strong>158.</strong></span> <span class='ocrx_word' id='word_1_267' title='bbox 750 3850 834 3910; x_wconf 88' lang='lat' dir='ltr'><strong>Idem</strong></span> <span class='ocrx_word' id='word_1_268' title='bbox 855 3851 959 3924; x_wconf 91' lang='lat' dir='ltr'><strong>homo,</strong></span> <span class='ocrx_word' id='word_1_269' title='bbox 987 3860 1021 3910; x_wconf 87' lang='lat' dir='ltr'><strong>nt</strong></span> <span class='ocrx_word' id='word_1_270' title='bbox 1043 3851 1173 3924; x_wconf 89' lang='lat' dir='ltr'><strong>videtur,</strong></span> <span class='ocrx_word' id='word_1_271' title='bbox 1196 3849 1277 3927; x_wconf 85' lang='lat' dir='ltr'><strong>apud</strong></span> <span class='ocrx_word' id='word_1_272' title='bbox 1299 3847 1428 3910; x_wconf 86' lang='lat' dir='ltr'><strong>Gorium</strong></span> <span class='ocrx_word' id='word_1_273' title='bbox 1452 3851 1479 3920; x_wconf 95' lang='grc'><strong>1,</strong></span> <span class='ocrx_word' id='word_1_274' title='bbox 1503 3850 1552 3922; x_wconf 94' lang='grc'><strong>61,</strong></span> <span class='ocrx_word' id='word_1_275' title='bbox 1577 3849 1636 3908; x_wconf 95' lang='grc'><strong>163</strong></span> 
     </span>
     <span class='ocr_line' id='line_1_31' title="bbox 638 3951 1638 4025; baseline -0.003 -12"><span class='ocrx_word' id='word_1_276' title='bbox 638 3953 669 4013; x_wconf 80' lang='grc'><strong>0,</strong></span> <span class='ocrx_word' id='word_1_277' title='bbox 691 3953 848 4012; x_wconf 83' lang='lat' dir='ltr'><strong>Abillcnus</strong></span> <span class='ocrx_word' id='word_1_278' title='bbox 869 3953 956 4012; x_wconf 73' lang='lat' dir='ltr'><strong>Folia</strong></span> <span class='ocrx_word' id='word_1_279' title='bbox 985 3953 1108 4025; x_wconf 52' lang='lat' dir='ltr'><strong>dicisum</strong></span> <span class='ocrx_word' id='word_1_280' title='bbox 1136 3954 1189 4012; x_wconf 91' lang='lat' dir='ltr'><strong>sed</strong></span> <span class='ocrx_word' id='word_1_281' title='bbox 1211 3969 1228 4010; x_wconf 84' lang='grc'><strong>6</strong></span> <span class='ocrx_word' id='word_1_282' title='bbox 1250 3961 1280 4012; x_wconf 89' lang='lat' dir='ltr'><strong>et</strong></span> <span class='ocrx_word' id='word_1_283' title='bbox 1302 3970 1310 4010; x_wconf 92' lang='lat'>1</span> <span class='ocrx_word' id='word_1_284' title='bbox 1331 3953 1448 4012; x_wconf 87' lang='lat' dir='ltr'><strong>litterae</strong></span> <span class='ocrx_word' id='word_1_285' title='bbox 1468 3952 1500 4009; x_wconf 93' lang='lat' dir='ltr'><strong>in</strong></span> <span class='ocrx_word' id='word_1_286' title='bbox 1523 3951 1638 4010; x_wconf 86' lang='lat' dir='ltr'><strong>littera·</strong></span> 
     </span>
     <span class='ocr_line' id='line_1_32' title="bbox 635 4053 1638 4133; baseline -0.002 -18"><span class='ocrx_word' id='word_1_287' title='bbox 635 4063 703 4115; x_wconf 88' lang='lat' dir='ltr'><strong>tura</strong></span> <span class='ocrx_word' id='word_1_288' title='bbox 723 4055 916 4125; x_wconf 87' lang='lat' dir='ltr'><strong>tabellarum,</strong></span> <span class='ocrx_word' id='word_1_289' title='bbox 938 4056 1044 4132; x_wconf 88' lang='lat' dir='ltr'><strong>quales</strong></span> <span class='ocrx_word' id='word_1_290' title='bbox 1067 4055 1205 4114; x_wconf 87' lang='lat' dir='ltr'><strong>solebant</strong></span> <span class='ocrx_word' id='word_1_291' title='bbox 1226 4056 1257 4113; x_wconf 91' lang='grc'><strong>16</strong></span> <span class='ocrx_word' id='word_1_292' title='bbox 1272 4053 1463 4115; x_wconf 89' lang='lat' dir='ltr'><strong>columbariis</strong></span> <span class='ocrx_word' id='word_1_293' title='bbox 1478 4053 1567 4133; x_wconf 84' lang='lat' dir='ltr'><strong>adfigi</strong></span> <span class='ocrx_word' id='word_1_294' title='bbox 1583 4074 1638 4131; x_wconf 91' lang='lat' dir='ltr'><strong>pa-</strong></span> 
     </span>
     <span class='ocr_line' id='line_1_33' title="bbox 634 4157 1209 4236; baseline 0.002 -21"><span class='ocrx_word' id='word_1_295' title='bbox 634 4157 768 4231; x_wconf 87' lang='lat' dir='ltr'><strong>rietibus,</strong></span> <span class='ocrx_word' id='word_1_296' title='bbox 790 4175 881 4236; x_wconf 88' lang='lat' dir='ltr'><strong>saepe</strong></span> <span class='ocrx_word' id='word_1_297' title='bbox 902 4158 956 4215; x_wconf 87' lang='lat' dir='ltr'><strong>vix</strong></span> <span class='ocrx_word' id='word_1_298' title='bbox 976 4157 1209 4236; x_wconf 83' lang='lat' dir='ltr'><strong>distinguuntur.</strong></span> 
     </span>
     <span class='ocr_line' id='line_1_34' title="bbox 550 4257 1038 4337; baseline 0.002 -20"><span class='ocrx_word' id='word_1_299' title='bbox 550 4258 662 4318; x_wconf 85' lang='lat' dir='ltr'><strong>Abella</strong></span> <span class='ocrx_word' id='word_1_300' title='bbox 684 4257 868 4337; x_wconf 85' lang='lat' dir='ltr'><strong>Campaniae</strong></span> <span class='ocrx_word' id='word_1_301' title='bbox 889 4269 962 4318; x_wconf 88' lang='lat' dir='ltr'><strong>nota</strong></span> <span class='ocrx_word' id='word_1_302' title='bbox 983 4269 1038 4319; x_wconf 86' lang='lat' dir='ltr'><strong>est.</strong></span> 
     </span>
     <span class='ocr_line' id='line_1_35' title="bbox 306 4361 1636 4438; baseline 0.001 -18"><span class='ocrx_word' id='word_1_303' title='bbox 306 4362 497 4420; x_wconf 75' lang='lat' dir='ltr'><strong>Acsssanvs</strong></span> <span class='ocrx_word' id='word_1_304' title='bbox 553 4361 596 4419; x_wconf 83' lang='lat' dir='ltr'><strong>M.</strong></span> <span class='ocrx_word' id='word_1_305' title='bbox 623 4362 789 4420; x_wconf 73' lang='lat' dir='ltr'><strong>Acerranos</strong></span> <span class='ocrx_word' id='word_1_306' title='bbox 818 4362 887 4438; x_wconf 75' lang='grc' dir='ltr'><strong>[Μ]</strong></span> <span class='ocrx_word' id='word_1_307' title='bbox 908 4365 937 4437; x_wconf 86' lang='lat' dir='ltr'><strong>s.</strong></span> <span class='ocrx_word' id='word_1_308' title='bbox 965 4361 1145 4438; x_wconf 82' lang='lat' dir='ltr'><strong>Ac[m(ilia)]</strong></span> <span class='ocrx_word' id='word_1_309' title='bbox 1172 4362 1321 4422; x_wconf 79' lang='lat' dir='ltr'><strong>Secundus</strong></span> <span class='ocrx_word' id='word_1_310' title='bbox 1349 4362 1450 4420; x_wconf 89' lang='lat' dir='ltr'><strong>nescio</strong></span> <span class='ocrx_word' id='word_1_311' title='bbox 1479 4381 1539 4438; x_wconf 92' lang='lat' dir='ltr'><strong>quo</strong></span> <span class='ocrx_word' id='word_1_312' title='bbox 1567 4361 1636 4421; x_wconf 89' lang='lat' dir='ltr'><strong>loco</strong></span> 
     </span>
     <span class='ocr_line' id='line_1_36' title="bbox 634 4463 1638 4541; baseline -0.001 -18"><span class='ocrx_word' id='word_1_313' title='bbox 634 4464 718 4524; x_wconf 91' lang='lat' dir='ltr'><strong>Doni</strong></span> <span class='ocrx_word' id='word_1_314' title='bbox 736 4464 804 4538; x_wconf 88' lang='grc'><strong>193,</strong></span> <span class='ocrx_word' id='word_1_315' title='bbox 823 4464 881 4523; x_wconf 80' lang='grc'><strong>124</strong></span> <span class='ocrx_word' id='word_1_316' title='bbox 902 4465 986 4540; x_wconf 86' lang='lat' dir='ltr'><strong>(inde</strong></span> <span class='ocrx_word' id='word_1_317' title='bbox 1000 4465 1109 4523; x_wconf 85' lang='lat' dir='ltr'><strong>Murat.</strong></span> <span class='ocrx_word' id='word_1_318' title='bbox 1127 4463 1197 4537; x_wconf 91' lang='grc'><strong>665,</strong></span> <span class='ocrx_word' id='word_1_319' title='bbox 1213 4465 1260 4541; x_wconf 84' lang='grc'><strong>5);</strong></span> <span class='ocrx_word' id='word_1_320' title='bbox 1284 4465 1338 4523; x_wconf 88' lang='lat' dir='ltr'><strong>sed</strong></span> <span class='ocrx_word' id='word_1_321' title='bbox 1353 4464 1456 4523; x_wconf 86' lang='lat' dir='ltr'><strong>titulus</strong></span> <span class='ocrx_word' id='word_1_322' title='bbox 1472 4464 1638 4541; x_wconf 86' lang='lat' dir='ltr'><strong>suspicioni</strong></span> 
     </span>
    </p>
   </div>
   <div class='ocr_carea' id='block_1_6' title="bbox 307 4566 1637 5156">
    <p class='ocr_par' dir='ltr' id='par_1_8' title="bbox 307 4566 1637 5156">
     <span class='ocr_line' id='line_1_37' title="bbox 635 4566 877 4627; baseline 0 -2"><span class='ocrx_word' id='word_1_323' title='bbox 635 4586 695 4626; x_wconf 91' lang='grc'><strong>666</strong></span> <span class='ocrx_word' id='word_1_324' title='bbox 716 4566 877 4627; x_wconf 83' lang='lat' dir='ltr'><strong>obnoxius.</strong></span> 
     </span>
     <span class='ocr_line' id='line_1_38' title="bbox 551 4667 1103 4746; baseline 0 -19"><span class='ocrx_word' id='word_1_325' title='bbox 551 4670 686 4728; x_wconf 87' lang='lat' dir='ltr'><strong>Acerrae</strong></span> <span class='ocrx_word' id='word_1_326' title='bbox 708 4667 890 4746; x_wconf 87' lang='lat' dir='ltr'><strong>Campaniae</strong></span> <span class='ocrx_word' id='word_1_327' title='bbox 910 4669 981 4728; x_wconf 86' lang='lat' dir='ltr'><strong>item</strong></span> <span class='ocrx_word' id='word_1_328' title='bbox 1004 4678 1103 4728; x_wconf 88' lang='lat' dir='ltr'><strong>notae.</strong></span> 
     </span>
     <span class='ocr_line' id='line_1_39' title="bbox 307 4769 1636 4850; baseline 0 -20"><span class='ocrx_word' id='word_1_329' title='bbox 307 4772 499 4830; x_wconf 76' lang='lat' dir='ltr'><strong>Aaroaanvs</strong></span> <span class='ocrx_word' id='word_1_330' title='bbox 552 4771 617 4832; x_wconf 78' lang='lat' dir='ltr'><strong>Ser.</strong></span> <span class='ocrx_word' id='word_1_331' title='bbox 632 4771 791 4847; x_wconf 74' lang='lat' dir='ltr'><strong>Ausetanos</strong></span> <span class='ocrx_word' id='word_1_332' title='bbox 812 4773 843 4830; x_wconf 92' lang='lat' dir='ltr'><strong>in</strong></span> <span class='ocrx_word' id='word_1_333' title='bbox 859 4770 1041 4850; x_wconf 86' lang='lat' dir='ltr'><strong>Carthagine</strong></span> <span class='ocrx_word' id='word_1_334' title='bbox 1062 4790 1142 4830; x_wconf 83' lang='lat' dir='ltr'><strong>nova</strong></span> <span class='ocrx_word' id='word_1_335' title='bbox 1164 4770 1198 4832; x_wconf 88' lang='lat' dir='ltr'><strong>C.</strong></span> <span class='ocrx_word' id='word_1_336' title='bbox 1214 4771 1240 4830; x_wconf 90' lang='lat'><strong>1.</strong></span> <span class='ocrx_word' id='word_1_337' title='bbox 1255 4770 1291 4830; x_wconf 88' lang='lat' dir='ltr'><strong>L.</strong></span> <span class='ocrx_word' id='word_1_338' title='bbox 1307 4771 1323 4829; x_wconf 96' lang='lat' dir='ltr'>I</span> <span class='ocrx_word' id='word_1_339' title='bbox 1341 4771 1419 4831; x_wconf 88' lang='grc'><strong>1555</strong></span> <span class='ocrx_word' id='word_1_340' title='bbox 1437 4797 1474 4821; x_wconf 94' lang='lat'><em>=</em></span> <span class='ocrx_word' id='word_1_341' title='bbox 1491 4769 1636 4843; x_wconf 77' lang='lat'>1134083</span> 
     </span>
     <span class='ocr_line' id='line_1_40' title="bbox 396 4874 1079 4952; baseline 0.001 -20"><span class='ocrx_word' id='word_1_342' title='bbox 396 4875 422 4915; x_wconf 81' lang='lat'><strong>⁸·</strong></span> <span class='ocrx_word' id='word_1_343' title='bbox 635 4874 738 4934; x_wconf 84' lang='lat' dir='ltr'><strong>titulus</strong></span> <span class='ocrx_word' id='word_1_344' title='bbox 760 4876 900 4952; x_wconf 84' lang='lat' dir='ltr'><strong>Augusto</strong></span> <span class='ocrx_word' id='word_1_345' title='bbox 922 4875 1079 4934; x_wconf 78' lang='lat' dir='ltr'><strong>uetustior.</strong></span> 
     </span>
     <span class='ocr_line' id='line_1_41' title="bbox 307 4941 1636 5060; baseline -0.002 -24"><span class='ocrx_word' id='word_1_346' title='bbox 307 4941 498 4999; x_wconf 55' lang='lat' dir='ltr'>Afflhffls</span> <span class='ocrx_word' id='word_1_347' title='bbox 552 4967 669 5060; x_wconf 72' lang='grc' dir='ltr'><em>Μάρκος</em></span> <span class='ocrx_word' id='word_1_348' title='bbox 683 4968 863 5052; x_wconf 76' lang='grc' dir='ltr'>Αἶφουλανές</span> <span class='ocrx_word' id='word_1_349' title='bbox 886 4975 1031 5054; x_wconf 82' lang='lat' dir='ltr'><strong>Smyrnae</strong></span> <span class='ocrx_word' id='word_1_350' title='bbox 1054 4973 1088 5036; x_wconf 95' lang='lat' dir='ltr'><strong>C.</strong></span> <span class='ocrx_word' id='word_1_351' title='bbox 1103 4975 1129 5035; x_wconf 93' lang='grc' dir='ltr'><strong>Ι.</strong></span> <span class='ocrx_word' id='word_1_352' title='bbox 1147 4974 1200 5036; x_wconf 88' lang='lat' dir='ltr'><strong>Gr.</strong></span> <span class='ocrx_word' id='word_1_353' title='bbox 1218 4976 1297 5036; x_wconf 82' lang='grc'><strong>3187</strong></span> <span class='ocrx_word' id='word_1_354' title='bbox 1320 4976 1436 5035; x_wconf 82' lang='lat' dir='ltr'><strong>videtur</strong></span> <span class='ocrx_word' id='word_1_355' title='bbox 1450 4975 1557 5035; x_wconf 79' lang='lat' dir='ltr'><strong>Asiam</strong></span> <span class='ocrx_word' id='word_1_356' title='bbox 1579 4995 1636 5052; x_wconf 91' lang='lat' dir='ltr'><strong>pro</strong></span> 
     </span>
     <span class='ocr_line' id='line_1_42' title="bbox 636 5077 1637 5156; baseline -0.004 -16"><span class='ocrx_word' id='word_1_357' title='bbox 636 5080 760 5140; x_wconf 87' lang='lat' dir='ltr'><strong>consule</strong></span> <span class='ocrx_word' id='word_1_358' title='bbox 785 5080 903 5140; x_wconf 86' lang='lat' dir='ltr'><strong>rexisse</strong></span> <span class='ocrx_word' id='word_1_359' title='bbox 925 5080 981 5139; x_wconf 90' lang='lat' dir='ltr'><strong>sub</strong></span> <span class='ocrx_word' id='word_1_360' title='bbox 1002 5077 1124 5138; x_wconf 87' lang='lat' dir='ltr'><strong>Nerone</strong></span> <span class='ocrx_word' id='word_1_361' title='bbox 1151 5079 1202 5155; x_wconf 85' lang='lat' dir='ltr'><strong>(cl.</strong></span> <span class='ocrx_word' id='word_1_362' title='bbox 1225 5078 1449 5156; x_wconf 81' lang='lat' dir='ltr'><strong>Waddingtonii</strong></span> <span class='ocrx_word' id='word_1_363' title='bbox 1468 5082 1565 5154; x_wconf 80' lang='lat' dir='ltr'><strong>fustes</strong></span> <span class='ocrx_word' id='word_1_364' title='bbox 1586 5079 1637 5137; x_wconf 75' lang='lat' dir='ltr'><strong>des</strong></span> 
     </span>
    </p>
   </div>
   <div class='ocr_carea' id='block_1_7' title="bbox 630 5179 1150 5259">
    <p class='ocr_par' dir='ltr' id='par_1_9' title="bbox 630 5179 1150 5259">
     <span class='ocr_line' id='line_1_43' title="bbox 630 5179 1150 5259; baseline -0.002 -20"><span class='ocrx_word' id='word_1_365' title='bbox 630 5186 782 5259; x_wconf 84' lang='lat' dir='ltr'><strong>provinces</strong></span> <span class='ocrx_word' id='word_1_366' title='bbox 804 5185 961 5258; x_wconf 69' lang='grc'><strong>6616616666</strong></span> <span class='ocrx_word' id='word_1_367' title='bbox 983 5200 1013 5259; x_wconf 92' lang='lat' dir='ltr'><strong>p.</strong></span> <span class='ocrx_word' id='word_1_368' title='bbox 1032 5179 1150 5257; x_wconf 74' lang='lat' dir='ltr'><strong>lass).</strong></span> 
     </span>
    </p>
   </div>
   <div class='ocr_carea' id='block_1_8' title="bbox 0 0 1763 5820">
    <p class='ocr_par' dir='ltr' id='par_1_10' title="bbox 0 0 1763 5820">
     <span class='ocr_line' id='line_1_44' title="bbox 0 0 1763 5820; baseline 0 0"><span class='ocrx_word' id='word_1_369' title='bbox 0 0 1763 5820; x_wconf 95' lang='lat' dir='ltr'><strong> </strong></span> 
     </span>
    </p>
   </div>
  </div>
 </body>
</html>
