3466 5820
307 496 381 568 268
597 509 901 566 oasnavarmans
928 513 1203 566 nereasnfflosn
1228 514 1334 570 svm.

305 690 412 748 Africa
441 699 542 766 gestas
565 697 740 748 ornamenta
761 687 955 766 triumphalia
976 688 1073 747 denuo
1095 696 1281 766 statuamque
1303 689 1468 748 laureatam
1500 688 1643 764 (Tacitus

306 807 375 852 ann.
397 793 428 864 4,
446 777 509 868 23).
553 787 667 868 Romae
690 799 890 850 commoratus
910 809 965 867 per
987 807 1081 849 annos
1109 799 1268 868 sequentes
1291 791 1432 866 (Tacitus
1453 809 1522 850 ann.
1546 791 1575 863 3,
1591 789 1643 850 64.

307 895 398 968 4,13.
423 893 488 969 22.)
509 895 628 972 legatus
645 891 826 954 Germaniae
841 892 992 952 inferioris
1006 893 1103 953 factus
1118 901 1164 953 est
1186 912 1212 952 a.
1238 892 1277 954 28
1300 892 1442 966 (Tacitus
1458 912 1527 952 ann.
1545 895 1576 965 4,
1592 893 1643 951 79.

309 996 443 1072 11,19);
472 1015 541 1054 nam
568 1015 634 1056 eam
662 995 842 1073 legationem
868 995 921 1071 qui
948 996 1011 1055 filio
1037 996 1172 1055 tribuunt
1198 1016 1233 1055 eo
1261 1005 1395 1074 tempore
1416 995 1546 1054 nondum
1569 1013 1641 1054 con·

307 1099 367 1158 suli
388 1097 477 1171 iacto,
493 1099 625 1177 graviter
639 1106 749 1158 errant.
792 1097 884 1156 Recte
906 1110 1007 1158 autem
1022 1100 1129 1174 opinor
1150 1098 1190 1160 sd
1210 1117 1277 1158 eum
1293 1097 1471 1158 rettulerunt
1486 1098 1541 1156 viri
1564 1097 1648 1156 docti

306 1201 427 1260 titulum
468 1202 743 1278 Mogontiacensem
771 1201 882 1279 (Orell.
910 1200 991 1261 2976
1016 1227 1052 1252 =
1077 1201 1247 1260 Brambach
1274 1202 1349 1278 937)
1379 1201 1515 1262 mulieris
1545 1201 1648 1258 cuius·

310 1305 379 1362 dam
395 1304 469 1362 civis
480 1303 634 1364 Romanae
648 1309 764 1364 notione
775 1306 901 1364 Neruius
915 1307 1038 1362 inmunt's
1053 1302 1212 1384 benefidae)
1226 1302 1291 1380 [L.]
1307 1305 1427 1380 Aproni.
1450 1303 1649 1381 Legationem

311 1405 501 1477 Germaniae,
523 1407 555 1464 in
577 1425 637 1482 qua
660 1408 775 1466 cladem
797 1427 818 1470 a
837 1407 947 1466 Frisiis
970 1410 1094 1482 accepit,
1116 1424 1184 1464 eum
1207 1407 1394 1482 protraxisse
1417 1407 1456 1464 ad
1476 1423 1504 1463 a.
1522 1405 1561 1463 34
1585 1423 1648 1462 non

309 1510 384 1570 satis
407 1518 487 1568 certo
510 1508 640 1569 efficitur
661 1529 700 1568 ex
723 1510 823 1569 Taciti
844 1511 911 1568 loco
935 1509 964 1581 6,
981 1509 1035 1567 3οε
1060 1507 1224 1568 Gaetulicus
1246 1527 1281 1568 eo
1303 1517 1462 1586 tempestate
1483 1511 1647 1583 superioris

313 1611 486 1672 Germaniae
508 1611 630 1687 legiones
646 1613 768 1671 curabat
787 1616 943 1688 miramque
965 1629 1087 1670 amorem
1103 1612 1254 1671 adsecutus
1269 1623 1332 1672 erut
1346 1613 1451 1686 effusas
1472 1611 1649 1682 clementiae,

308 1716 435 1773 modicus
457 1718 606 1773 amaritate
628 1724 654 1772 et
669 1718 802 1792 prosimu
824 1731 936 1790 quoque
957 1717 1091 1772 ensrmtui
1114 1733 1168 1789 per
1190 1711 1228 1771 L.
1260 1715 1420 1794 Amanium
1442 1731 1569 1772 socerum
1590 1731 1649 1771 non

307 1821 446 1894 inpratus.
503 1814 650 1876 Lentulus
695 1815 871 1877 Gaetulicus
917 1815 1022 1874 consui
1058 1833 1085 1874 a.
1122 1811 1160 1874 26
1202 1834 1269 1875 cum
1312 1836 1365 1892 per
1406 1816 1508 1875 decem
1550 1831 1649 1873 annos

312 1917 494 1979 Germaniae
554 1919 703 1995 superiori
759 1918 961 1995 praefuisset,
1027 1917 1117 1996 periit
1172 1918 1337 1994 imperante
1394 1917 1472 1978 Gaio
1530 1936 1558 1976 a.
1607 1916 1648 1976 39

311 2021 385 2097 (Dio
408 2019 458 2094 59,
476 2019 539 2097 22).
575 2017 635 2081 Sed
662 2037 844 2097 quamquam
874 2019 978 2080 eodem
1010 2027 1144 2096 tempore
1165 2019 1306 2080 Tiberius
1333 2038 1468 2078 socerum
1501 2018 1651 2091 inferiori,

309 2142 451 2202 generum
480 2123 627 2199 superiori
653 2123 798 2182 exercitui
825 2122 1005 2198 praefecisse
1034 2123 1159 2194 videtur,
1192 2133 1224 2182 ut
1251 2123 1326 2181 nihil
1351 2122 1476 2200 impedit
1500 2125 1544 2180 ita
1571 2121 1652 2181 nihil

309 2227 389 2308 cogit
423 2231 455 2284 ut
487 2237 646 2304 utrumque
672 2225 710 2283 ad
747 2234 872 2284 mortem
914 2241 1007 2302 usque
1029 2225 1145 2284 Tiberii
1175 2229 1206 2284 in
1241 2227 1344 2284 codem
1383 2225 1481 2284 officio
1508 2243 1651 2301 perman·

310 2334 388 2388 sisso
423 2335 600 2387 statuamus.
658 2325 733 2387 Utut
774 2335 835 2400 est,
881 2345 916 2385 eo
956 2345 1016 2404 quo
1050 2326 1185 2386 Velleius
1227 2328 1350 2404 scripsit
1381 2336 1514 2405 tempore
1541 2345 1569 2385 a.
1608 2328 1651 2386 30

309 2432 465 2511 Apronius
490 2430 642 2490 etiamtum
667 2429 699 2488 in
721 2431 799 2490 vivis
826 2430 945 2489 videtur
965 2430 1069 2488 luisse.
1131 2429 1245 2488 Postea
1265 2448 1325 2489 non
1346 2437 1595 2490 commemoratur
1621 2440 1655 2489 et

308 2542 342 2593 ut
362 2529 477 2592 Tiberii
507 2543 643 2608 tempora
669 2531 822 2610 effugerit,
854 2542 976 2610 propter
998 2537 1136 2591 exactam
1163 2541 1291 2592 aetatem
1318 2533 1370 2592 diu
1397 2548 1556 2608 superesse
1587 2553 1651 2592 non

311 2636 418 2714 potuit.
463 2633 544 2696 Satis
567 2642 666 2693 autem
689 2642 814 2712 apparet
834 2633 872 2691 L.
896 2633 1064 2710 Apronium
1086 2642 1117 2693 et
1136 2644 1260 2711 propter
1281 2635 1441 2694 militarem
1466 2634 1652 2694 industriam

312 2747 344 2797 et
364 2743 487 2814 propter
514 2736 604 2796 fidem
631 2736 774 2796 adversum
795 2738 1005 2813 imperatorem
1033 2737 1070 2795 ab
1098 2735 1269 2796 adulatione
1291 2736 1430 2812 (Tacitus
1453 2755 1522 2795 ann.
1546 2735 1577 2808 2,
1595 2736 1652 2813 32)

312 2857 372 2898 non
400 2839 529 2899 alienam
556 2840 634 2898 inter
660 2839 810 2915 principes
848 2839 956 2898 aetatis
989 2839 1170 2898 Tiberianae
1201 2841 1283 2897 viros
1315 2838 1417 2898 locum
1453 2838 1653 2916 conspicuum

313 2943 489 3002 obtinuisse.
1424 2927 1425 2930 ¹

373 3044 524 3102 ‘Praeter
545 3043 624 3102 illias
646 3043 736 3116 duas,
770 3062 895 3120 quarum
918 3045 1022 3120 nupsit
1043 3044 1153 3117 altera,
1185 3050 1219 3103 ut
1239 3044 1328 3103 modo
1350 3044 1492 3116 vidimus,
1518 3043 1653 3104 Lentulo

316 3143 476 3206 Gaetulico
502 3144 619 3204 consuli
656 3163 683 3204 a.
708 3144 757 3216 26,
793 3146 886 3206 altera
911 3147 1032 3206 Plautio
1060 3145 1184 3208 Silvano
1215 3147 1347 3223 praetori
1374 3166 1402 3206 a
1435 3145 1475 3204 24
1507 3145 1653 3223 (Tacitus

313 3267 382 3308 ann.
405 3250 436 3320 4,
452 3245 516 3324 22),
543 3248 638 3306 filium
664 3248 771 3308 habuit
796 3247 832 3308 L.
859 3249 1027 3327 Apronium
1055 3247 1252 3320 Caesianum,
1275 3249 1359 3308 cuius
1390 3249 1512 3326 plenum
1539 3268 1653 3310 nomen

314 3358 436 3410 servant
463 3349 535 3409 fasti
562 3350 702 3409 Antiates
729 3351 788 3409 vol.
815 3352 828 3408 1
858 3371 888 3430 p.
912 3349 970 3409 327
1001 3361 1032 3411 et
1058 3361 1125 3409 acta
1146 3351 1303 3410 Arvalium
1325 3370 1352 3410 a.
1376 3351 1414 3410 39
1445 3350 1487 3429 (p.
1508 3350 1653 3410 XLVIII

314 3453 465 3529 Hennes).
509 3453 655 3512 Meruisse
677 3471 745 3511 eum
767 3473 794 3512 a.
816 3474 845 3530 p.
863 3451 933 3512 Chr.
951 3453 990 3512 20
1013 3453 1044 3512 in
1065 3453 1169 3512 Africa
1191 3454 1246 3512 sub
1267 3463 1362 3528 patret
1375 3472 1468 3531 supra
1487 3473 1526 3512 ex
1541 3451 1654 3513 Tacito

312 3555 495 3627 rettulimus,
526 3555 762 3631 confirmantque
790 3556 931 3617 carmina.
975 3554 1122 3632 Legatum
1152 3575 1219 3615 eum
1241 3557 1319 3631 patri
1346 3556 1378 3616 in
1399 3555 1535 3614 Africam
1556 3557 1654 3616 ivisse

315 3658 414 3717 adhuc
435 3658 494 3716 viri
516 3657 594 3717 docti
616 3665 785 3716 statuerant
806 3676 866 3716 non
888 3658 953 3717 sinc
975 3657 1200 3736 probabilitate3
1233 3668 1264 3717 at
1290 3676 1358 3716 cum
1380 3658 1440 3716 iam
1457 3677 1497 3717 ex
1519 3660 1656 3719 carmine

316 3760 506 3837 intellegatur
524 3759 620 3817 filium
640 3778 675 3817 eo
692 3769 825 3837 tempore
839 3760 998 3837 pueritiam
1013 3761 1065 3820 vix
1088 3778 1243 3837 egressum
1269 3779 1365 3836 neque
1387 3761 1449 3819 ullo
1471 3761 1655 3837 magistratu

316 3863 470 3922 etiamtum
496 3861 630 3922 iunctum
657 3881 759 3940 pugna
780 3872 914 3940 tempore
939 3882 999 3922 non
1027 3865 1190 3935 senatoris,
1219 3863 1272 3922 sed
1299 3862 1408 3939 equitis
1432 3862 1562 3922 Romani
1586 3863 1655 3923 loco

283 3987 287 4004 ι
314 3965 420 4036 fuisse,
446 3982 506 4023 non
527 3965 644 4043 legatus
667 3974 781 4041 patrem
803 3966 962 4025 comitatus
985 3973 1041 4037 est,
1063 3965 1117 4024 sed
1139 3975 1193 4025 aut
1214 3966 1350 4025 tribunus
1372 3964 1500 4024 militum
1521 3965 1655 4042 legionis

316 4068 371 4126 ivit
407 4074 459 4125 aut
491 4084 590 4126 comes
618 4067 823 4127 tantummodo
859 4077 889 4126 et
920 4068 1152 4128 contubernalis.
1213 4067 1463 4145 Septemviratum
1489 4086 1557 4126 eum
1580 4089 1655 4132 mox

317 4171 473 4247 accepisse
494 4177 618 4246 propter
638 4170 757 4228 laudem
778 4171 859 4229 bello
881 4171 940 4229 sibi
960 4179 1076 4247 partam
1098 4189 1138 4228 ex
1160 4170 1217 4229 hoc
1238 4170 1324 4229 titolo
1346 4169 1512 4247 colligitnr3
1535 4171 1656 4231 seilicet

319 4292 388 4333 cum
410 4281 531 4349 propter
546 4281 673 4331 aetatem
688 4273 880 4350 magistratus
895 4291 1052 4351 capessere
1074 4293 1134 4332 non
1154 4281 1269 4349 posset,
1296 4272 1464 4332 sacerdotio
1486 4283 1655 4336 exornatus

317 4385 365 4436 est
391 4375 445 4452 (cf.
471 4374 538 4440 Liv.
561 4374 612 4446 40,
639 4372 690 4446 42,
711 4374 739 4435 8.
763 4373 813 4447 42,
834 4373 961 4452 28,13).
1006 4375 1122 4435 Deinde
1158 4396 1184 4434 a.
1212 4375 1251 4434 39
1279 4394 1348 4435 cum
1374 4375 1442 4452 ipso
1469 4375 1656 4452 imperatore

320 4475 398 4537 Gaio
420 4477 517 4538 fasces
550 4495 617 4536 eum
650 4478 781 4554 gessisse
812 4477 884 4536 fasti
916 4478 1054 4537 Andates
1090 4487 1126 4550 et¹
1151 4487 1218 4536 acta
1238 4476 1395 4538 Arvalium
1418 4476 1583 4536 docuerunt
1612 4481 1656 4540 ita

318 4588 505 4658 comparata,
538 4586 572 4637 ut
602 4596 662 4637 non
683 4579 790 4639 iterum
830 4589 907 4652 tum,
935 4580 988 4640 sed
1013 4579 1143 4656 primum
1170 4597 1237 4639 eum
1264 4579 1416 4640 consulem
1443 4580 1555 4642 iactum
1584 4601 1656 4644 esse

322 4684 498 4754 ostendant3
530 4681 612 4758 quod
643 4701 750 4741 moneo
781 4691 904 4760 propter
931 4702 1062 4743 errorem
1089 4703 1108 4742 a
1128 4681 1313 4760 Nipperdeio
1340 4682 1371 4740 in
1398 4682 1594 4745 adnotatione
1618 4687 1657 4747 ad

319 4785 458 4846 Tacitum
479 4804 548 4844 ann.
572 4785 600 4858 3,
616 4782 653 4842 21
684 4785 887 4845 commissum.
931 4785 1092 4844 Praeterea
1117 4784 1261 4845 memoria
1286 4786 1351 4844 eius
1377 4803 1437 4845 non
1460 4792 1557 4858 extat,
1592 4790 1655 4850 nisi

318 4887 400 4966 quod
433 4889 473 4946 ad
505 4906 574 4948 eum
607 4889 757 4966 pertinere
792 4886 930 4947 videntur
965 4906 1043 4964 quae
1073 4887 1188 4948 Plinius
1225 4887 1317 4946 tradit
1341 4887 1371 4946 h.
1393 4906 1422 4944 n.
1441 4888 1490 4961 ii,
1510 4887 1560 4961 37,
1577 4888 1655 4951 213:

320 4989 359 5049 1..
385 4989 500 5070 Aproni
527 4991 686 5050 causianis
711 4994 769 5048 uiri
789 4990 854 5066 filio
881 4991 1020 5052 detractos
1047 4992 1147 5068 adipes
1179 4991 1355 5067 leuatumque
1388 5008 1491 5068 corpus
1518 4993 1658 5054 transabiit

321 5110 412 5152 onere.
456 5087 547 5171 Apud
570 5093 696 5152 eundem
717 5112 793 5170 quae
814 5094 1005 5154 nominantur
1026 5112 1129 5153 omaso
1143 5093 1317 5172 Aproniana
1338 5092 1426 5169 (h.n.
1444 5091 1559 5169 ints,
1579 5095 1655 5172 102)

321 5195 400 5256 unde
421 5214 530 5256 nomen
552 5197 711 5270 traxerint,
734 5197 899 5277 ignoratur.
