3554 5828
336 499 408 572 192
908 506 1092 560 conssan:

334 602 1664 638 -------—--—-—---—------

683 686 784 745 Aulus
805 683 992 764 Lamponius
1014 681 1113 760 Paqui
1135 680 1156 740 f.

685 806 805 886 Oppius
826 806 908 885 pium
931 822 1053 865 sacrum
1074 803 1130 861 hoc
1151 798 1272 878 (dedit).
1296 831 1334 842 —

745 925 868 988 Salvius
889 923 1005 1003 (Sale)
1030 923 1106 984 vale.

336 1110 388 1188 (cf.
411 1127 502 1186 capro
520 1127 552 1185 p.
575 1103 633 1165 153
653 1122 697 1180 tq.
719 1103 784 1164 157.

344 1396 752 1412 μ

339 1643 487 1705 88-94.
537 1638 599 1701 Sex
621 1641 750 1700 laminae
771 1657 866 1698 aenea
887 1636 1074 1697 collectionis
1104 1654 1205 1695 rerum
1227 1635 1435 1710 antiquarum,
1457 1650 1535 1710 quae
1555 1642 1622 1692 erat
1643 1634 1675 1692 in

381 1745 491 1826 oppido
525 1743 698 1822 provinciae
720 1741 899 1812 Basilicum,
933 1758 1012 1798 nune
1043 1738 1074 1796 in
1099 1755 1203 1798 museo
1231 1736 1430 1807 Taurinensi,
1467 1754 1594 1813 quarum
1617 1755 1678 1795 una

383 1852 533 1928 utrimque
555 1847 701 1921 inscripta
723 1853 769 1902 est
791 1844 833 1919 (a.
849 1841 900 1901 92.
916 1841 987 1920 932:
1015 1879 1018 1882 -

342 2037 399 2099 88.
528 2036 592 2099 OV
607 2076 615 2091 ·
631 2033 803 2094 assulas
820 2074 826 2088 ·
844 2032 908 2095 OV
1136 2031 1234 2092 Ovius
1261 2033 1384 2093 Afarius
1410 2031 1481 2092 Ovii
1502 2031 1524 2090 f.

342 2158 399 2219 89.
547 2158 578 2216 N
595 2154 803 2216 Manates
820 2195 827 2208 .
842 2155 873 2213 N
1068 2151 1227 2214 Numisius
1249 2153 1382 2213 Marcius
1404 2150 1535 2212 Numisii
1557 2152 1577 2210 f.

342 2279 402 2339 90.
555 2275 861 2337 C.SOIES.M1N
1129 2273 1247 2335 Gavius
1276 2273 1365 2336 Solus
1393 2274 1479 2333 Minii
1500 2273 1524 2360 1.

342 2400 393 2460 91.
542 2397 607 2458 ΝΟ
624 2439 631 2452 .
648 2395 794 2457 COMNI
809 2436 816 2451 .
832 2393 897 2456 ΝΟ
1106 2393 1226 2455 Novius
1249 2393 1405 2456 Cominius
1427 2392 1519 2454 Novii
1540 2394 1562 2452 f.

343 2519 399 2579 92.
459 2519 475 2720 ζ
519 2514 903 2579 OV.CAlSlDlS·OV
959 2516 975 2716 q
1126 2516 1225 2577 Ovius
1247 2515 1401 2578 Caisidius
1424 2515 1494 2575 Ovii
1515 2516 1537 2574 I.

344 2642 401 2702 93.
505 2636 834 2698 TR·PLaTOR1vs
851 2637 927 2696 ·TR
1094 2636 1224 2697 Trebius
1247 2637 1399 2696 Platorius
1423 2637 1525 2696 Trebii
1545 2636 1568 2695 f.

332 2735 402 2822 'oa
534 2757 775 2818 nutans.
792 2757 821 2816 v
838 2756 882 2816 .s
1125 2757 1238 2818 auctus
1260 2757 1374 2817 villius
1395 2757 1519 2818 vitria

428 2948 550 3007 Primus
578 2947 670 3007 edidit
698 2945 849 3006 Fabretti:
883 2946 933 3006 Sci
954 2947 1095 3006 lamiaette
1124 2947 1156 3005 di
1181 2948 1284 3005 brento
1312 2947 1438 3008 letterote
1466 2949 1578 3007 oaticle
1600 2947 1683 3007 della

345 3053 490 3120 Laconia,
519 3049 582 3110 Aut
608 3049 781 3107 cMemoric
808 3049 886 3107 della
907 3050 1101 3125 Deputocione
1127 3052 1158 3108 di
1179 3054 1270 3108 storia
1286 3054 1390 3126 potrc'o
1412 3069 1467 3127 per
1489 3050 1515 3109 le
1533 3054 1683 3126 provincie

346 3156 376 3214 di
389 3154 550 3229 Romaque,
572 3171 620 3209 aa.
636 3151 697 3221 III,
711 3171 741 3227 p.
757 3152 821 3209 155.
838 3170 881 3228 sq.
918 3150 1062 3225 Eatrotto,
1073 3171 1105 3228 p.
1121 3154 1138 3210 1
1153 3171 1207 3228 sq„
1225 3154 1302 3211 ande
1325 3154 1354 3214 0.
1371 3153 1397 3212 I.
1411 3154 1450 3212 It.
1462 3172 1495 3228 p.
1509 3151 1681 3222 CCCXIII,

345 3256 470 3330 LVIII,
497 3257 525 3314 2.
555 3252 650 3314 Glotc,
676 3254 716 3312 lt.
740 3273 772 3329 p.
800 3253 888 3312 1681.
932 3253 981 3312 Ex
1008 3255 1192 3332 apographis
1219 3274 1238 3313 a
1264 3255 1322 3314 Th.
1348 3243 1517 3315 Mommsen
1547 3256 1682 3332 acceptis

346 3358 392 3418 ed.
417 3357 456 3418 G.
479 3357 671 3428 Willmanns‚
693 3355 846 3431 Eplemer.
870 3359 959 3432 epipr,
981 3357 1008 3427 I,
1034 3356 1063 3415 C.
1083 3357 1111 3414 I.
1128 3357 1195 3415 Lat.
1218 3358 1312 3434 suppl.
1333 3377 1362 3417 a.
1381 3357 1545 3417 132-138.
1590 3357 1681 3415 Fadr.

346 3483 375 3520 a.
405 3461 462 3520 93.-
499 3457 657 3518 VllLIVS
686 3467 715 3516 et
742 3458 778 3514 in
805 3459 877 3516 line:
916 3457 959 3517 vl
986 3457 1146 3517 vel‘MlN.
1190 3459 1262 3536 Egit
1297 3460 1332 3518 de
1361 3461 1407 3519 his
1433 3460 1553 3518 laminis
1581 3459 1685 3518 aeneis

346 3581 509 3639 eorumque
542 3561 637 3620 titulIs
668 3561 835 3619 Mommsen
862 3561 891 3617 in
914 3561 1057 3619 societate
1083 3561 1291 3639 archeologica
1312 3563 1501 3622 Berolinensi
1528 3561 1682 3637 (Arclcol.

347 3666 466 3742 Anzet'p.
488 3663 617 3734 XXIII,
639 3662 726 3735 1865,
750 3683 783 3738 p.
808 3662 875 3738 82),
906 3672 968 3721 tum
995 3682 1052 3741 ego
1081 3666 1208 3723 tractavi
1235 3665 1486 3724 nominativorum
1514 3663 1626 3722 formas
1649 3664 1683 3721 in

348 3768 393 3828 eis
416 3767 594 3844 conspicuas
618 3763 665 3840 (Z.
681 3768 709 3840 s.
732 3764 820 3840 cergl.
842 3765 913 3841 Spr.
936 3765 1062 3836 XVIII,
1086 3767 1156 3826 255.
1178 3767 1220 3838 Χ,
1242 3767 1320 3844 98).
1364 3767 1430 3826 Iam
1456 3767 1566 3826 dudum
1588 3766 1683 3844 igitur

249 3921 261 3932 .
348 3871 515 3929 Mommsen
551 3867 701 3927 intellexit
722 3865 822 3926 Oscos
858 3885 925 3926 esse
953 3869 1126 3946 plerumque
1152 3869 1209 3927 hos
1236 3870 1355 3943 titulos,
1382 3871 1429 3930 cui
1455 3887 1511 3946 ego
1538 3887 1682 3928 assensus

349 3991 431 4042 sum;
468 3978 531 4029 tum
558 3971 676 4028 demum
703 3967 744 4028 G.
771 3969 956 4029 Willmanns
984 3973 1015 4030 in
1041 3972 1166 4031 eandem
1194 3973 1371 4030 sententiam
1398 3973 1546 4032 disserere
1573 3971 1683 4047 coepit.

349 4072 394 4133 Ut
435 4074 537 4149 paucis
577 4091 639 4130 rem
681 4072 944 4149 comprehendam,
989 4073 1199 4150 inscriptiones
1239 4094 1269 4132 n.
1292 4073 1415 4135 88-92
1458 4074 1548 4151 plane
1583 4072 1685 4133 Oscae

349 4193 427 4248 esse,
463 4176 570 4234 docent
606 4182 636 4233 et
668 4175 806 4251 syllabae
841 4175 947 4234 finales
982 4167 1136 4234 nominum
1168 4177 1323 4253 gentilium
1359 4185 1390 4235 et
1421 4177 1616 4253 praenomina
1652 4185 1684 4235 et

350 4288 441 4337 notae
461 4279 691 4355 praenominum
712 4277 809 4354 patris
831 4295 891 4334 non
913 4276 1016 4336 addita
1036 4279 1120 4338 vocis
1142 4277 1195 4340 filii
1217 4279 1319 4338 littera
1344 4279 1449 4355 prima.
1492 4278 1683 4339 Nominativi

335 4390 450 4439 »autem
479 4381 609 4457 Afarics,
637 4379 779 4450 Marcios,
807 4377 898 4451 Scies,
930 4379 1055 4439 Coisidie
1081 4381 1265 4459 respondent
1293 4382 1424 4458 antiquis
1445 4381 1576 4442 Lucanis
1603 4381 1684 4441 tituli

349 4481 515 4542 Dianensis
546 4481 672 4542 Graecis
699 4483 808 4540 litteris
835 4482 938 4558 scripti
967 4487 1055 4542 Οπιες
1086 4495 1116 4542 et
1145 4489 1279 4543 Λαπονις.
1328 4483 1427 4542 Etiam
1455 4485 1560 4544 titulus
1588 4505 1616 4542 n.
1640 4484 1680 4544 93

352 4584 452 4646 Oscus
474 4594 530 4657 est,
551 4593 760 4662 praeterquam
787 4585 867 4660 quod
895 4585 1013 4662 syllaba
1035 4585 1131 4646 finalis
1154 4587 1284 4645 nominis
1306 4585 1455 4645 Platoriaa
1483 4587 1521 4646 de
1548 4585 1627 4646 Osco
1650 4587 1684 4646 in

351 4687 492 4747 Latinum
514 4705 682 4746 sermonem
704 4687 834 4745 deflexit.
878 4685 993 4746 Contra
1022 4687 1143 4747 ultimas
1172 4689 1278 4749 titulus
1301 4663 1400 4748 Oscae
1421 4689 1543 4766 linguae
1564 4688 1683 4748 nullum

352 4791 484 4850 servavit
503 4788 647 4848 indicium
669 4790 727 4847 nisi
748 4808 930 4866 praenomen
959 4789 1087 4866 V(ia'dic).
1130 4792 1238 4866 Itaque
1259 4793 1316 4850 hos
1338 4791 1414 4852 duos
1435 4792 1556 4851 ultimos
1578 4790 1685 4852 titulos

352 4903 436 4972 patet
461 4913 497 4952 eo
524 4893 644 4952 demum
671 4902 804 4970 tempore
833 4893 962 4970 scriptos
989 4911 1072 4964 esse,
1100 4913 1160 4970 quo
1183 4892 1283 4953 Oscae
1303 4895 1421 4972 linguae
1443 4895 1599 4972 integritas
1621 4895 1684 4954 iam

353 4997 557 5074 praepotentis
586 4993 712 5052 Latinae
741 4994 772 5053 vi
800 4995 949 5070 corrumpi
975 5006 1083 5072 coepta
1108 5006 1188 5069 erat,
1214 4997 1328 5057 scilicet
1355 5006 1426 5075 post
1447 4996 1563 5057 Oscam'
1583 4996 1684 5076 legem

354 5098 514 5178 Bantinaur
536 5097 654 5157 Latinis
675 5095 784 5158 litteris
806 5107 989 5176 conceptam.
