3510 5820
571 523 728 585 Qvnnsr.
749 523 965 575 omousion.
986 527 1010 574 1.
1404 505 1451 574 27

125 716 216 774 quam
240 697 391 756 civitatem
407 695 575 756 Romanam
596 697 697 774 adepti
719 705 803 755 erant
824 697 912 756 etiam
934 697 1084 757 nominum
1100 698 1213 757 ratione
1228 697 1374 758 Romanis
1389 715 1458 756 sese

124 799 362 876 aequiperarent
407 797 554 858 Similiter
576 799 768 858 iudicandum
789 799 825 858 de
847 799 958 860 Tuscis
980 801 1010 858 in
1033 819 1108 859 arno
1130 818 1202 859 enno
1221 804 1271 858 ina
1293 802 1376 872 innc3
1400 799 1458 859 sci·

124 901 195 960 licet
210 901 304 960 Tusci
326 901 469 962 homines,
486 902 591 978 patriis
614 901 793 974 nominibus,
815 902 914 961 forma
935 922 1037 961 eorum
1060 913 1112 962 aut
1133 901 1303 961 nullatenus
1319 911 1371 962 aut
1385 903 1456 961 levi-

125 1013 171 1062 ter
186 1003 355 1075 immutata,
377 1022 433 1080 pro
448 1003 610 1080 gentiliciis
625 1002 771 1062 Romanis
788 1004 829 1063 uti
845 1013 1091 1082 perseverarunt3
1114 1007 1152 1064 ab
1167 1003 1344 1082 oppidorum
1359 1013 1457 1064 autem

125 1107 297 1166 nominibus
319 1105 371 1164 illa
391 1107 511 1182 quidem
534 1125 594 1164 non
616 1105 752 1165 videntur
773 1106 918 1183 originem
941 1107 1074 1166 duxisse.
1118 1106 1167 1164 De
1190 1105 1318 1166 Gallicis
1339 1106 1458 1166 Africa·

126 1209 173 1268 nis
190 1207 348 1267 Lusitanis
371 1227 476 1286 parum
498 1217 631 1278 constat3
655 1208 708 1266 sed
729 1217 859 1286 possunt
880 1209 935 1266 illa
955 1218 1082 1285 utraque
1103 1209 1219 1268 ratione
1241 1217 1293 1268 aut
1314 1210 1351 1288 ab
1374 1209 1457 1285 oppi-

126 1311 174 1369 dis
196 1319 249 1368 aut
271 1311 309 1368 ab
329 1310 502 1370 hominibus
524 1311 690 1388 peregrinis
713 1311 858 1387 originem
881 1311 1014 1370 duxisse.
1060 1309 1149 1384 Quod
1171 1331 1190 1370 a
1210 1311 1321 1370 Tuscis
1336 1308 1458 1369 Umbris

126 1403 249 1472 Sabinis
277 1421 410 1490 tempore
433 1421 551 1472 vetusto
578 1413 688 1471 factum
716 1431 783 1470 esse
810 1413 964 1489 probabile
990 1425 1050 1484 est,
1076 1413 1108 1471 id
1135 1422 1269 1489 tempore
1287 1413 1459 1472 recentiore

125 1517 286 1595 repetitum
312 1533 380 1574 esse
406 1515 578 1592 frequenter
604 1513 641 1574 ab
664 1515 834 1574 bominibus
857 1514 1024 1593 peregrinis
1046 1515 1172 1574 militum
1194 1515 1385 1592 potissimum
1407 1534 1458 1574 no·

126 1620 208 1678 mina
231 1618 354 1688 docent3
377 1618 489 1677 militas
511 1618 589 1677 enim
612 1617 744 1676 cuiusvis
766 1617 828 1675 iere
849 1617 967 1694 generis
981 1618 1104 1676 nomina
1118 1617 1247 1677 barbara
1261 1617 1291 1676 in
1306 1617 1460 1696 gentilicia

125 1721 265 1780 Romana
287 1729 460 1779 convertere
482 1721 629 1803 solebant
1075 1709 1076 1712 ¹

212 1821 274 1884 Sed
300 1831 419 1900 praeter
444 1824 596 1882 nominum
623 1840 733 1899 genera
760 1823 828 1894 ills,
855 1840 931 1899 quae
957 1823 1054 1901 primo
1081 1823 1183 1881 statim
1209 1822 1353 1898 adspectu
1377 1841 1460 1899 pere-

126 1927 231 2003 grinae
259 1926 384 2002 originis
411 1943 480 1986 esse
507 1925 768 2002 deprehendimus,
796 1925 874 1984 alias
901 1933 1004 1984 extant
1025 1925 1243 2001 gentiliciorum
1266 1923 1379 1983 classes
1400 1945 1461 1984 non

126 2030 158 2088 in
186 2033 232 2087 iae
260 2031 502 2100 terminatorum,
531 2045 607 2103 quae
634 2029 755 2106 proprie
782 2027 920 2085 Romana
945 2036 996 2086 aut
1024 2038 1103 2086 certe
1124 2026 1232 2087 Italica
1257 2045 1324 2086 esse
1349 2036 1460 2086 certum

127 2143 189 2204 est;
221 2131 334 2190 scilicet
358 2131 389 2189 in
416 2141 490 2189 anns
512 2141 577 2187 inus
599 2139 669 2187 enas
696 2129 862 2188 terminata.
907 2123 1009 2206 Atque
1036 2129 1072 2188 de
1099 2130 1152 2201 iis,
1182 2147 1259 2206 quse
1285 2130 1316 2188 in
1343 2132 1407 2188 inas
1432 2138 1463 2188 et

127 2253 198 2294 enus
219 2232 348 2292 sarmata
369 2241 448 2304 sunt,
473 2251 569 2311 pauca
592 2230 717 2290 monebo
730 2230 773 2307 ¹),
791 2230 922 2290 momina
945 2249 1014 2290 vero
1041 2231 1070 2290 in
1093 2249 1165 2290 anm
1192 2231 1360 2291 accuratius
1387 2240 1462 2291 trac·

128 2337 209 2396 tabo.

214 2438 349 2497 Praeter
364 2438 443 2498 alius
470 2439 588 2514 generis
616 2437 764 2496 adiectiva
790 2437 927 2514 inprimis
956 2437 1128 2496 alocorum
1151 2437 1322 2496 nominibus
1344 2437 1375 2495 in
1396 2448 1461 2496 snas

128 2541 229 2600 solent
249 2541 397 2600 adiectiva
416 2540 550 2612 formari,
572 2549 604 2598 ut
619 2539 743 2598 Latinus
759 2538 885 2600 Sabinas
908 2537 1058 2616 multaque
1081 2538 1154 2610 alia3
1175 2539 1304 2616 ipsaque
1324 2539 1462 2599 locorum

129 2645 267 2714 nomina,
297 2650 330 2701 ut
351 2641 495 2700 Larinum
516 2642 663 2702 Sestinum
689 2642 764 2712 alia,
791 2641 924 2700 eiusdem
951 2648 1020 2700 sont
1045 2641 1244 2701 formationis.
1287 2641 1376 2700 Talis
1402 2659 1462 2701 non

129 2747 289 2808 admodum
315 2763 384 2803 raro
409 2745 441 2805 in
467 2745 683 2822 gentiliciorum
713 2763 800 2806 usum
823 2761 968 2804 conversa
988 2759 1057 2803 esse
1080 2741 1191 2820 (veluti
1213 2742 1402 2821 Pomptinas)
1424 2745 1462 2803 ab

131 2867 205 2922 uno,
230 2847 289 2907 nisi
310 2847 409 2920 fallor,
433 2844 473 2906 G.
496 2847 532 2907 F.
556 2843 801 2906 Grotalendio
823 2846 854 2905 in
877 2856 1051 2906 transcursu
1074 2845 1235 2922 aliquando
1257 2845 1380 2920 dictum,
1402 2865 1463 2905 non

130 2951 206 3010 satis
229 2959 368 3009 accurate
390 2949 572 3025 explicatum
595 2946 691 3024 eccl).

213 3052 380 3112 Difficilius
407 3051 600 3111 iudicandum
628 3051 665 3109 da
691 3051 863 3110 nominibus
890 3051 922 3109 in
948 3060 1032 3123 anus,
1060 3068 1136 3127 quaa
1161 3051 1213 3112 diu
1239 3051 1387 3129 estquod
1408 3069 1463 3130 pro

129 3156 360 3232 cognominibus
381 3155 484 3214 haberi
506 3154 604 3213 solent
625 3155 726 3213 omnia
747 3173 766 3213 a
787 3155 861 3213 viris
884 3153 995 3224 doctis3
1018 3151 1111 3212 veluti
1133 3153 1255 3227 Alfenus
1268 3153 1463 3214 Horatianus.

18 3341 22 3346 Δ
130 3259 257 3336 Proprie
278 3256 420 3316 Latinum
443 3274 509 3316 esse
531 3267 566 3315 en
586 3257 745 3327 suffixum,
775 3273 945 3332 quanquam
967 3273 1026 3316 non
1049 3255 1210 3314 admodum
1230 3256 1386 3334 frequens,
1411 3256 1463 3344 do-

130 3368 198 3419 cent
223 3363 326 3420 neena
353 3359 464 3419 aalma
491 3359 599 3417 larana
626 3361 746 3418 undena
768 3359 911 3417 cantilena
933 3359 1047 3417 laniena
1070 3367 1203 3418 aeneam
1224 3368 1326 3435 aganas
1348 3369 1463 3418 screnus

130 3464 243 3521 alianae
270 3471 397 3522 imanes
424 3472 454 3522 et
481 3461 601 3521 similia.
644 3460 742 3521 Simili
769 3462 885 3520 ratione
912 3479 931 3518 a
956 3461 1070 3531 radice,
1100 3478 1176 3537 qnae
1203 3470 1251 3519 est
1277 3460 1336 3535 als
1359 3460 1408 3538 (ut
1432 3463 1464 3519 in

129 3565 261 3642 Alfius),
291 3563 430 3640 Alsenos,
458 3583 476 3622 a
504 3564 606 3623 Pontio
631 3561 803 3636 Pontianus,
830 3583 849 3621 a
875 3562 976 3622 Satrio
1000 3562 1152 3622 Satrianus
1180 3571 1260 3621 recte
1281 3563 1463 3622 derivantur.

129 3669 160 3726 A
182 3668 319 3727 locorum
342 3666 515 3725 nominibus
538 3674 640 3742 aperte
661 3687 698 3726 ea
719 3685 778 3725 nou
801 3675 870 3725 sunt
891 3666 1039 3740 derivata3
1062 3673 1163 3748 tamen
1181 3664 1257 3746 baec
1278 3683 1396 3743 quoquc
1410 3684 1464 3726 no-

209 4019 233 4082 ¹)
262 4020 331 4070 lllud
356 4027 454 4070 tautum
479 4034 573 4072 moneo
598 4021 732 4070 occasions
758 4020 832 4082 data,
859 4019 970 4070 amicam
994 4019 1143 4070 Mamurrae
1168 4019 1312 4070 decoctoris
1331 4019 1465 4070 Formiani

132 4113 308 4164 Catullianam
328 4111 366 4174 (c.
381 4114 413 4162 41
436 4120 461 4161 et
478 4111 530 4173 44)
555 4114 610 4162 eius
632 4113 734 4176 generis
758 4127 852 4162 nomen
872 4111 1005 4172 babuisse,
1031 4127 1083 4162 non
1104 4127 1255 4176 cognomen.
1292 4113 1360 4164 Nam
1382 4112 1410 4163 in
1435 4113 1466 4162 ils

135 4221 205 4270 quae
224 4205 361 4254 traduntur
379 4205 472 4254 litteris
491 4203 515 4252 A
528 4219 565 4254 me
577 4221 594 4253 a
607 4221 641 4254 na
658 4213 728 4254 certo
748 4221 799 4254 non
814 4203 947 4254 Ammiano
964 4212 1008 4254 aut
1021 4203 1142 4254 Anniana
1153 4205 1235 4256 latent
1247 4205 1401 4270 cognomina
1412 4206 1466 4254 vul·
1492 4189 1493 4192 Ἴ

130 4298 206 4363 garis
231 4305 256 4346 et
276 4297 390 4346 assatis
410 4298 518 4362 antiqua
536 4297 654 4363 quidem;
675 4311 740 4362 quae
759 4297 910 4362 placuerunt
926 4297 1061 4348 Frbbnero
1081 4303 1106 4346 et
1126 4295 1274 4349 Schwabio.
1312 4298 1379 4350 Sunt
1397 4298 1465 4348 anim

129 4391 196 4439 talia
214 4390 371 4439 feminarum
391 4390 498 4439 nomina
515 4389 613 4440 liberae
633 4390 806 4454 reipublicae
826 4397 942 4455 tempore
961 4405 1042 4455 paena
1061 4389 1191 4452 inaudita;
1217 4390 1310 4440 deinde
1331 4390 1467 4455 dupliciter

130 4489 264 4547 peccatam
285 4489 352 4531 esset
371 4488 396 4532 et
415 4482 592 4546 geminatione
613 4483 723 4544 omissa,
744 4497 809 4546 quae
828 4489 889 4532 anta
909 4481 1038 4532 Catullum
1058 4481 1142 4530 omitti
1161 4483 1267 4533 omnino
1286 4482 1373 4544 desiit,
1395 4490 1421 4532 et
1439 4484 1467 4534 in

130 4591 143 4624 e
164 4588 212 4638 pro
231 4574 243 4622 i
260 4575 354 4642 rustice
373 4575 467 4640 posita.
499 4547 642 4639 sedquod
658 4577 785 4640 Hauptius
805 4575 907 4640 scripsit
926 4573 1043 4624 Amctina
1060 4575 1179 4639 proxime
1199 4575 1299 4625 accedit
1316 4575 1350 4625 sd
1369 4575 1467 4626 litteras
1495 4557 1497 4562 Ι

104 4647 241 4716 *traditas
265 4673 292 4715 et
316 4667 512 4716 commendatur
536 4667 683 4716 nominibus
707 4667 895 4736 geographicis.
934 4666 1033 4717 Plinius
1059 4667 1127 4716 enim
1146 4665 1283 4716 Amitinum
1301 4667 1370 4717 Latii
1393 4669 1467 4734 oppi-

130 4759 195 4808 dum
215 4757 249 4819 (3
270 4755 345 4820 568)
365 4765 390 4808 et
409 4759 509 4809 Tuscos
527 4758 694 4809 Amitinenses
713 4758 737 4822 (ξ
752 4759 795 4820 52)
815 4759 946 4820 nominat3
972 4757 1083 4809 Ameana
1101 4757 1202 4820 (Latini
1220 4759 1293 4824 puto)
1313 4759 1422 4811 redeunt
1438 4760 1467 4810 in

130 4851 223 4911 titulo,
250 4864 327 4915 quem
350 4866 382 4899 ex
401 4849 510 4900 Marinii
529 4851 631 4901 schedis
652 4851 743 4902 babuit
761 4852 959 4902 Kellermannus
978 4852 1037 4916 Vig.
1057 4867 1082 4916 p.
1097 4852 1133 4901 44
1153 4849 1230 4912 (inde
1249 4853 1355 4902 chzeu
1375 4850 1467 4914 5136).

128 4943 253 4994 Indidem
277 4943 387 4992 fortasse
411 4943 556 4992 derivatum
582 4951 622 4994 est
640 4945 837 4994 Volumniorum
860 4959 1003 5008 cognomen
1023 4942 1178 5004 sinimicus,
1205 4943 1273 5008 quod
1292 4945 1319 4993 in
1338 4945 1411 4995 lastis
1429 4951 1468 4994 est

129 5036 167 5097 (a.
184 5034 264 5096 29³);
283 5034 393 5085 fortasse
411 5051 465 5084 non
483 5041 552 5084 recta
571 5037 609 5086 ita
627 5037 750 5100 scriptum
769 5051 785 5086 a
804 5036 887 5086 doctis
906 5036 1062 5096 hominibus,
1083 5036 1126 5100 qui
1146 5035 1225 5086 laetos
1244 5036 1418 5088 coniecemnt.

211 5123 237 5187 ²)
264 5127 295 5177 In
314 5127 509 5191 quaestionibus
527 5127 559 5177 de
578 5129 736 5193 geographia
755 5136 780 5178 et
798 5128 907 5178 historia
925 5129 1019 5178 veteris
1038 5128 1130 5178 ltaliae
1149 5127 1269 5179 fasciati
1291 5129 1361 5179 1842
1380 5143 1407 5194 p.
1421 5131 1466 5193 42,

129 5219 178 5285 qui
197 5217 285 5268 libelli
305 5220 384 5270 multa
404 5220 512 5270 confusa
530 5221 575 5270 sed
595 5221 672 5271 etiam
692 5236 744 5272 non
764 5235 845 5290 pauca
864 5227 931 5274 recte
951 5221 982 5272 de
1002 5221 1043 5270 bis
1058 5219 1134 5272 rebus
1153 5220 1288 5273 obseruata
1306 5221 1446 5274 continent.
