3540 5828
345 525 417 594 104
648 542 957 594 oesnavarronas
983 541 1259 594 arreearnrcna
1285 543 1363 593 xvr.

344 717 482 776 nimirum
506 699 731 792 recuperatores
748 737 766 774 a
780 728 919 794 praetore
940 716 1103 793 postulare.
1136 715 1216 774 Nam
1237 717 1268 774 in
1289 717 1389 774 iudice
1409 735 1469 776 uno
1491 733 1678 792 quamquam

343 819 461 877 sortitio
482 818 612 877 fortasse
638 818 735 876 locunr
762 819 947 890 nonhabet,
976 819 1086 895 quippe
1112 836 1201 893 quem
1227 827 1278 877 aut
1303 820 1414 896 petitor
1439 836 1490 876 reo
1516 819 1596 876 ferat
1623 828 1680 876 aut

341 923 538 997 magistratus
560 922 696 998 partibus
718 921 778 992 det,
799 929 1025 996 recuperatores
1045 915 1120 978 ‘sors
1143 930 1172 979 et
1194 939 1271 980 urna
1288 916 1488 996 adsignet'¹)‚
1512 940 1568 979 nec
1590 922 1678 997 quic·

341 1042 431 1099 quom
445 1024 578 1101 impedit,
600 1025 759 1099 quominus
774 1024 914 1086 mulieres
930 1042 983 1080 eae
999 1022 1159 1098 dequibus
1178 1021 1275 1100 agitur
1293 1042 1358 1080 cum
1374 1021 1409 1082 Ο.
1425 1022 1567 1082 Lucretio
1590 1043 1677 1081 recn-

342 1143 495 1201 poratorcs
519 1127 709 1202 sumpserint.
754 1125 894 1183 Lucretio
916 1135 1016 1182 autern
1039 1126 1113 1184 satis
1136 1126 1318 1200 explicatur,
1347 1125 1374 1183 si
1400 1125 1438 1182 ab
1466 1145 1502 1184 eo
1528 1126 1598 1202 ipso
1621 1127 1677 1201 qui

341 1239 565 1305 recuperatores
594 1228 766 1303 postulabat
792 1247 866 1285 urna
895 1227 934 1284 ad
960 1245 1011 1285 eos
1039 1227 1207 1286 sortiendos
1232 1229 1262 1285 in
1285 1228 1332 1285 ius
1356 1226 1507 1285 afferenda
1532 1241 1615 1294 eren
1644 1228 1677 1286 id

342 1331 422 1407 quod
444 1350 496 1389 cur
517 1331 559 1388 ita
582 1350 640 1388 non
662 1331 754 1388 fuerit
771 1321 834 1387 'non
857 1330 952 1388 video.

419 1622 443 1681 ¹)
467 1623 568 1674 Plinius
588 1637 681 1687 paneg.
695 1623 729 1672 36
749 1623 844 1671 collato
863 1621 987 1674 Suetonio
1007 1623 1127 1672 Ner.17.
1166 1622 1206 1672 cf.
1227 1621 1327 1672 Plinius
1346 1621 1372 1672 h.
1391 1638 1416 1672 n.
1435 1621 1517 1686 praef.
1531 1625 1564 1673 8:
1586 1622 1677 1690 pluri·

341 1732 403 1766 mum
421 1714 507 1780 refert,
527 1716 649 1790 sortiatur
668 1713 763 1780 aliquio
781 1713 887 1764 iudicem
907 1731 940 1764 an
959 1713 1046 1780 elipat.
1127 1759 1129 1764 .

782 5244 884 5294 Formis
904 5244 1068 5318 Academicis
1088 5243 1132 5306 (G.
1146 5241 1236 5306 Vogt).
