3510 5820
323 539 344 607 2
914 561 1052 612 numan

729 662 879 670 ——-—-—-

322 731 523 789 collectionem
552 733 715 791 conlectam
742 751 810 792 esse
837 743 988 811 appareat.
1032 733 1157 792 Praeter
1179 731 1338 812 Cyriacunr
1366 744 1464 792 autem
1491 752 1578 792 nemo
1600 744 1648 792 est

322 833 373 907 qui
395 833 456 890 XV
471 834 518 890 vel
533 834 608 892 XVI
624 835 744 894 saeculo
766 867 807 878 -
827 837 885 893 hoc
906 837 985 893 enim
1003 843 1134 914 tempore
1150 837 1278 912 scriptus
1293 846 1340 894 est
1353 836 1417 894 cod.
1434 835 1591 894 Palatinus
1606 869 1647 879 —

320 933 450 992 Lesbum
472 936 601 994 insulam
624 937 810 1012 antiquitatis
831 946 1023 996 monumenta
1044 937 1201 1014 colligendi
1224 956 1318 996 causa
1338 938 1453 996 adierit.
1490 938 1649 996 Lemmata

322 1037 434 1094 codicis
456 1056 606 1114 nunquam
629 1039 748 1114 quidem
770 1039 883 1097 eisdem
907 1039 1016 1110 verbis,
1043 1039 1150 1116 quibus
1172 1038 1308 1098 Pariana
1329 1048 1472 1117 concepta
1494 1048 1572 1112 sunt,
1595 1041 1648 1098 sed

320 1138 351 1195 in
379 1139 453 1214 ipsis
480 1142 568 1200 rebus
595 1141 713 1218 egregie
734 1150 915 1216 congruunt,
943 1141 981 1199 cl.
1004 1140 1042 1199 ad
1063 1161 1091 1198 ιι.
1109 1141 1196 1200 XXI.
1218 1141 1323 1200 XXII.
1344 1141 1381 1200 V.
1405 1141 1505 1199 XXV.
1527 1141 1646 1200 XXVI.

321 1239 431 1298 Paullo
460 1240 546 1298 aliter
573 1241 666 1300 codex
692 1237 905 1301 vallicellanus
934 1253 1122 1320 comparatus
1151 1253 1206 1302 est.
1254 1243 1380 1302 Praeter
1409 1244 1538 1302 Asianas
1566 1245 1646 1302 enim

321 1343 462 1418 quinque,
484 1344 514 1400 in
539 1345 646 1420 quibus
661 1343 827 1403 Lesbiacae
849 1353 998 1420 quattuor,
1013 1345 1166 1404 Romanae
1189 1347 1399 1421 inscriptiones
1423 1345 1508 1416 duae,
1524 1345 1646 1404 Ostien-

320 1462 368 1501 ses
390 1445 535 1503 Reatinae
551 1444 743 1506 Florentinae
766 1447 912 1525 singulae,
934 1448 1012 1505 aliae
1033 1465 1147 1523 paucae
1169 1446 1236 1505 loco
1258 1447 1339 1505 nullo
1361 1447 1492 1506 indicato
1514 1447 1555 1506 ibi
1577 1466 1646 1524 pro-

321 1555 411 1618 stant,
433 1547 535 1604 latinis
558 1549 673 1623 graecia
697 1549 808 1606 mixtis.
853 1547 1016 1609 Videamus
1038 1549 1253 1608 Lesbiacorum
1273 1548 1424 1608 lemmata.

385 1650 411 1705 1.
445 1649 535 1707 huius
558 1649 627 1726 syll.
650 1669 678 1706 n.
694 1650 749 1708 IV:
776 1651 807 1708 in
833 1651 972 1710 columna
993 1669 1159 1710 marmorea
1178 1649 1309 1710 Neronis
1332 1652 1525 1730 epigramma.
1570 1649 1646 1712 cod.

445 1751 539 1809 Vall.:
563 1753 602 1810 ad
623 1771 818 1811 marmoream
840 1753 1007 1812 columnam
1028 1753 1059 1810 in
1074 1753 1225 1812 Neronem
1242 1751 1403 1814 Caesarem
1425 1755 1617 1832 epigramma.

384 1853 412 1910 2.
445 1853 474 1910 h.
497 1854 565 1930 syll.
586 1873 615 1912 n.
630 1854 722 1912 XIII:
745 1854 776 1912 in
798 1854 859 1913 alia
880 1855 983 1930 (basi).
1018 1853 1091 1914 Cod.
1108 1855 1202 1915 Vall:
1226 1855 1264 1913 ad
1286 1874 1484 1914 marmoream
1506 1856 1593 1914 basin
1614 1857 1645 1914 In

444 1953 608 2013 Traianum
631 1954 801 2015 Caesarem.

279 2128 285 2140 Ι
384 2057 411 2114 3.
444 2057 474 2114 h.
491 2057 558 2133 syIl.
581 2077 609 2114 n.
626 2057 779 2116 XXVIII:
802 2059 916 2119 Ibidem
940 2059 972 2136 (i.
989 2079 1015 2118 e.
1037 2059 1068 2117 in
1083 2059 1197 2119 balneis
1211 2059 1328 2136 Lesbi).
1362 2057 1543 2119 coavat:
1566 2060 1647 2135 apud

444 2157 566 2218 Lesbon
587 2159 618 2218 in
640 2160 768 2235 quadam
790 2161 866 2219 basi,

383 2261 411 2318 4.
445 2261 475 2318 h.
498 2262 567 2337 syll.
590 2280 618 2319 u.
634 2262 713 2320 XII:
737 2264 767 2321 in
789 2263 849 2322 alia
869 2264 934 2322 basi
958 2262 1153 2339 (praecedunt
1174 2263 1353 2340 Mytilinea).
1398 2261 1472 2340 Cod.
1488 2263 1584 2322 Vult:
1607 2264 1646 2321 ad

444 2382 641 2422 marmoream
664 2364 750 2422 basin
773 2365 852 2440 apud
873 2365 1046 2442 Mytilenen.

321 2463 503 2524 Consideres
525 2467 630 2537 velim,
656 2466 688 2525 In
709 2467 846 2526 Pariana
872 2467 1046 2545 apographo
1074 2467 1193 2526 minime
1220 2468 1336 2544 integra
1361 2469 1475 2526 servari
1496 2468 1646 2539 lemmata,

320 2568 410 2626 immo
440 2568 526 2626 valde
553 2568 584 2626 in
611 2567 731 2627 brevius
760 2578 894 2627 coartata
922 2579 1011 2645 atque
1039 2588 1077 2626 ex
1105 2571 1242 2646 proxime
1272 2570 1415 2646 cuiusque
1443 2570 1646 2628 antecedentIs

320 2680 427 2728 natura
448 2670 646 2728 conformata:
669 2671 824 2741 concedes,
846 2689 906 2729 non
927 2667 998 2730 casu
1020 2671 1132 2730 iactum
1154 2689 1230 2742 csse,
1250 2680 1283 2730 ut
1303 2691 1340 2730 ne
1356 2670 1532 2748 sicquidem
1548 2671 1646 2729 omnis

320 2772 489 2831 lemmatum
512 2773 676 2831 similitudo
698 2773 821 2848 periret3
845 2773 882 2832 cI.
903 2772 933 2830 In
957 2773 1061 2850 primis
1084 2772 1121 2830 ad
1143 2794 1171 2832 n.
1188 2773 1242 2831 lv.

402 2875 506 2934 Lectio
518 2875 718 2934 Vallicellana
739 2874 890 2933 rarissime
912 2894 931 2932 a
943 2875 1080 2934 Pariano
1098 2875 1262 2953 discrepat;
1284 2894 1380 2952 neque
1395 2877 1473 2935 enim
1488 2893 1558 2934 curo
1572 2861 1646 2934 Ievi-
1747 2913 1748 2928 ι

321 2977 424 3036 denaia
448 2977 503 3035 illa
529 2977 650 3050 menda,
678 2996 754 3052 quae
780 2995 835 3052 pro
863 2995 896 3036 se
922 2978 1048 3053 quisque
1073 2996 1166 3054 prava
1188 2960 1331 3054 loquendi
1359 2977 1570 3037 consuetudine
1591 2979 1647 3036 im·

320 3081 411 3139 butus
433 3080 543 3137 inferre
565 3080 690 3149 solebat,
713 3088 746 3136 ut
767 3098 822 3155 pro
843 3103 859 3148 η
883 3079 1025 3138 scriberet
1046 3104 1065 3150 r,
1087 3102 1100 3134 ο
1122 3099 1177 3157 pro
1200 3103 1220 3136 ω
1244 3080 1309 3138 sim.
1346 3081 1381 3138 In
1400 3081 1485 3139 titulo
1501 3079 1545 3138 IV
1561 3099 1646 3155 prae-

321 3183 434 3258 scripta
455 3180 584 3239 formula
604 3178 617 3236 ὁ
634 3175 720 3250 δῆμος
741 3213 782 3223 -
804 3181 848 3239 sio
862 3182 941 3239 enim
956 3182 986 3239 in
998 3181 1196 3240 Vallicellano
1212 3215 1250 3224 -
1266 3183 1413 3241 omittitur
1427 3183 1456 3241 in
1473 3183 1647 3260 apographo

320 3284 470 3353 Pariano,
496 3293 527 3341 et
551 3283 649 3360 potnit
674 3282 770 3340 omitti
795 3282 950 3354 facillime3
981 3283 1113 3341 eiusdem
1141 3285 1344 3360 neglegentiae
1371 3283 1540 3362 exemplum
1567 3284 1648 3342 infra

320 3404 359 3443 ex
372 3385 512 3443 Palatino
527 3384 620 3442 adtuli
635 3385 674 3442 ad
695 3405 723 3444 n·
738 3385 846 3443 XXII.
863 3416 899 3427 -
923 3384 1040 3444 Deinde
1054 3385 1085 3444 In
1106 3405 1136 3443 n.
1151 3386 1210 3444 XII
1229 3386 1353 3464 legitur:
1377 3389 1644 3443 ΑΥΤΟΚΡΑΤΟΡΙ

321 3491 423 3544 ΚΑΙΣΑ
437 3530 444 3544 .
460 3490 775 3543 ΝΕΡΟΥΑΤΡΑΙΑΝΩ
792 3489 946 3557 ΚΑΙΣΑΡΙ,
971 3487 1021 3544 ubi
1043 3487 1128 3545 nihili
1149 3505 1217 3546 esse
1239 3489 1321 3565 prius
1344 3492 1467 3545 ΚΑΙΣΑ.
1490 3498 1520 3546 et
1540 3497 1647 3563 sponte

320 3596 444 3667 apparet
466 3597 495 3647 et
517 3589 610 3647 sensit
630 3588 781 3660 librarius,
803 3589 854 3664 qui
876 3597 1013 3665 coeptum
1030 3590 1206 3648 vocabulum
1228 3608 1283 3649 neo
1304 3590 1342 3648 ad
1360 3589 1448 3648 finem
1463 3589 1603 3668 perduxit
1618 3596 1648 3647 et

320 3702 461 3767 punctum
486 3691 642 3769 adposuit,
670 3699 703 3749 ut
729 3691 844 3750 scilicet
869 3708 987 3750 errasse
1014 3707 1047 3748 se
1074 3692 1264 3768 significaret.
1308 3690 1429 3750 Desunt
1452 3691 1509 3750 hae
1529 3691 1647 3750 litterae

320 3795 351 3851 in
371 3794 576 3852 Vallicellano.
619 3794 685 3852 Iam
710 3811 781 3852 vero
802 3793 966 3851 notandum
988 3799 1035 3851 est
1055 3793 1086 3851 in
1108 3794 1279 3871 apographo
1301 3793 1436 3851 Pariano
1459 3811 1566 3851 versus
1587 3812 1648 3852 non

319 3896 381 3954 fere
403 3896 510 3968 dividi,
537 3896 628 3954 dividi
650 3914 721 3955 vero
747 3896 778 3953 in
796 3895 994 3955 Vallicellano
1021 3903 1050 3953 et
1074 3895 1162 3954 huius
1183 3895 1302 3972 quidem
1325 3895 1402 3953 tituli
1425 3896 1483 3967 ita,
1510 3901 1543 3954 ut
1564 3891 1647 3951 αὐτο-

319 3987 430 4081 κράτορι
450 4006 480 4056 et
502 3999 634 4079 Τραιανῷ
653 3997 806 4056 voeabuIIs
828 4014 933 4056 versus
955 3997 1158 4069 termInentur,
1186 3997 1288 4073 itaque
1310 4016 1416 4056 versus
1439 3995 1587 4056 secundus
1609 3996 1647 4054 ab

321 4104 438 4157 κΑΙΣΑ.
454 4098 590 4172 frustulo,
605 4100 711 4159 tertius
727 4100 765 4157 ab
781 4103 918 4158 ΚΑΙΣΑΡΙ
937 4117 1008 4157 voce
1022 4099 1138 4157 initium
1154 4100 1263 4176 capiat.
1298 4097 1496 4177 Cognoscitur
1510 4099 1565 4156 hoo
1580 4116 1647 4174 pec-

321 4219 406 4260 casse
433 4202 602 4274 librarium,
629 4209 662 4260 ut
683 4221 702 4258 a
724 4200 845 4260 secundi
867 4200 905 4259 ad
926 4201 1005 4259 tertii
1026 4218 1131 4260 versus
1154 4200 1270 4259 initium
1293 4201 1390 4260 oculis
1411 4201 1563 4260 aberraret
1584 4218 1647 4257 cer-

321 4312 443 4379 tumque
464 4313 511 4361 est
531 4321 637 4363 versus
660 4303 735 4361 adeo
757 4303 881 4362 eundem
903 4303 935 4361 in
955 4302 1075 4360 modum
1098 4303 1211 4362 divisos
1234 4313 1392 4380 utrumque
1410 4301 1564 4361 librarium
1579 4313 1647 4359 ante

320 4403 424 4464 oculos
452 4404 601 4463 habuisse.
646 4403 763 4464 Certior
789 4406 878 4463 etiam
904 4404 932 4463 si
958 4405 1057 4482 possit
1082 4406 1147 4464 fieri
1173 4425 1221 4466 res
1247 4405 1280 4464 fit
1308 4424 1359 4476 eo,
1386 4403 1468 4481 quod
1493 4404 1524 4462 in
1546 4421 1647 4462 errore

320 4506 451 4583 quodam
482 4507 563 4566 haud
589 4507 706 4586 vulgari
738 4507 886 4566 consentit
916 4525 983 4564 cum
1009 4505 1205 4567 ValIIcellano
1231 4507 1399 4566 Parianum
1427 4505 1647 4582 apographnm3

320 4609 476 4684 utrobique
490 4609 568 4669 eninr
590 4609 621 4668 in
643 4629 672 4668 n.
689 4609 752 4668 XII
772 4629 827 4688 pro
843 4601 940 4679 κτίστῃ
957 4609 1097 4668 scribitur
1110 4603 1212 4668 κτίστω
1236 4608 1377 4684 (Parian.
1391 4597 1529 4684 κτῆστω),
1551 4607 1648 4668 Iorma

320 4711 409 4788 plane
430 4711 573 4770 inaudita.

403 4814 596 4874 Vallicellani
618 4824 716 4874 autem
740 4812 937 4873 demonstrari
959 4819 1059 4891 potest
1080 4813 1212 4872 Asianae
1234 4813 1340 4872 saltem
1361 4812 1572 4888 inscriptiones
1588 4809 1647 4887 Cy·

321 4918 402 4976 riaco
431 4917 541 4975 deberi.
585 4916 729 4976 Traditur
757 4917 835 4974 eninr
861 4915 881 4974 l.
902 4914 950 4973 45¹
978 4915 1083 4974 titulus
1106 4913 1140 4974 C.
1160 4915 1185 4974 I.
1209 4914 1289 4974 3527
1318 4935 1384 4975 cnm
1410 4915 1467 4972 hoo
1493 4914 1646 4972 lemmate:

318 5015 418 5095 ‘Apud
440 5017 561 5077 Eoliam
587 5017 715 5077 dirutum
737 5017 909 5095 AppoIIInis
937 5017 1082 5095 templum
1108 5018 1349 5094 antiquissimum
1374 5017 1491 5094 magnis
1513 5023 1544 5074 et
1565 5015 1649 5073 nobi-

320 5122 398 5179 libus
426 5119 532 5178 litteris
559 5116 763 5198 epigramma’.
806 5119 892 5194 Quae
918 5117 1101 5177 adverbum
1123 5137 1212 5179 versa
1237 5129 1306 5179 sunt
1333 5139 1371 5178 ex
1396 5137 1504 5195 graeca
1526 5115 1648 5194 Cyriaci

321 5222 511 5281 adnotatione
533 5231 653 5280 servata
674 5223 704 5281 in
726 5221 883 5283 Strabonis
904 5220 1004 5280 codice
1026 5220 1161 5280 IIedieeo
1183 5221 1258 5298 plut.
1274 5219 1434 5293 XXVIII,
1451 5221 1485 5278 3:
1508 5212 1648 5303 Kopaaadr
