3540 5828
343 485 390 554 88
934 493 1084 554 nunnae

340 674 530 736 Sabellarum
548 673 725 735 Sabinorum
742 674 922 735 Umbrorum
938 675 1053 747 Piceni,
1075 677 1125 760 qui
1145 685 1192 736 est
1214 685 1320 735 tractus
1343 676 1393 734 ille
1415 677 1618 746 celeberrimus,
1640 682 1672 735 ut

340 798 407 838 cum
424 775 568 837 Cicerone
589 778 750 854 loquamur
771 777 840 857 (pro
856 777 981 837 Plancio
997 779 1027 850 9,
1044 777 1107 854 22),
1128 779 1318 853 Venafranae,
1339 779 1499 853 Allifanus,
1523 789 1581 837 tota
1597 781 1674 837 deni-

341 900 394 957 que
415 891 513 940 nostra
534 880 588 938 illa
611 900 715 957 aspera
738 890 764 938 et
784 892 930 941 montuosa
952 889 978 938 et
998 881 1118 956 simplae
1139 891 1166 939 et
1178 884 1297 958 fautrix
1317 900 1431 939 suorum
1447 885 1534 956 rapio.
1572 882 1608 939 In
1623 882 1674 940 iis·

341 983 408 1044 dem
431 983 522 1060 igitur
543 983 606 1042 fere
621 984 791 1060 regionibus
807 984 895 1041 etiarn
910 983 1014 1062 ignota
1028 984 1083 1041 illa
1096 985 1207 1061 oppida
1222 984 1281 1042 sita
1294 983 1389 1042 fuisse
1404 983 1601 1060 probabiliter
1616 993 1674 1042 sta·

341 1093 450 1145 tuetur.
491 1085 541 1142 Ea
562 1089 678 1162 antiquo
700 1085 786 1144 Latia
809 1085 895 1143 LIII
908 1087 1011 1166 papuli
1032 1090 1160 1146 interiere
1181 1090 1241 1145 sine
1262 1089 1386 1162 uestigiis
1407 1085 1509 1143 Plinio
1532 1085 1564 1162 (3
1589 1085 1675 1162 970)

341 1196 432 1258 teste3
462 1187 549 1246 facile
579 1188 755 1247 crediderim
782 1188 860 1246 inter
885 1189 938 1246 illa
964 1188 1081 1264 aliquot
1107 1207 1210 1247 eorum
1236 1187 1344 1258 fuisse,
1373 1207 1389 1245 e
1417 1187 1525 1263 quibus
1554 1189 1677 1246 nomina

342 1291 416 1348 haec
437 1289 467 1348 in
489 1309 562 1348 anus
584 1289 717 1352 derivata
739 1299 816 1348 sunt.
861 1290 977 1350 Tamen
997 1291 1126 1350 fortasse
1149 1292 1180 1349 in
1201 1291 1456 1367 inscriptionibus,
1479 1291 1509 1348 in
1532 1290 1676 1348 historiae

342 1393 485 1468 profanae
513 1400 543 1451 et
569 1410 672 1451 sacrae
697 1392 916 1464 instrumentis,
945 1394 975 1451 in
997 1393 1073 1470 ipsis
1095 1394 1228 1452 locorum
1249 1411 1395 1471 pagorum
1418 1411 1559 1470 agrorum
1579 1394 1677 1470 parie-

342 1495 471 1554 tinarum
497 1493 682 1553 desertarum
709 1495 878 1554 nominibus
898 1495 1052 1555 hodiernis
1079 1495 1226 1571 quaedam
1254 1514 1355 1554 eorum
1383 1505 1502 1554 servata
1528 1505 1612 1566 sunt;
1639 1498 1677 1554 ad

344 1617 379 1656 ee
401 1597 498 1655 denuo
520 1598 728 1674 investiganda
749 1597 878 1670 indicae,
900 1615 977 1674 quos
999 1616 1091 1674 supra
1112 1597 1196 1669 dedi,
1219 1598 1347 1657 fortasse
1374 1597 1566 1657 adiuvabant

426 1700 709 1760 Demonstravimus
735 1701 958 1778 grammaticam
981 1701 1137 1774 rationem,
1161 1719 1220 1778 qua
1241 1702 1364 1759 nomina
1384 1701 1438 1759 illa
1457 1700 1588 1758 formata
1611 1719 1678 1759 esse

342 1803 500 1879 probabile
522 1813 576 1862 cst.
612 1803 721 1862 Restat
743 1803 839 1862 altera
860 1803 997 1880 quaestio
1019 1821 1113 1878 eaque
1136 1803 1254 1880 gravior
1275 1811 1305 1861 et
1326 1803 1485 1874 difficilior,
1508 1803 1626 1862 scilicet
1647 1811 1679 1860 ut

344 1906 512 1984 explicetur
538 1905 588 1982 qui
615 1905 727 1963 factum
753 1906 793 1964 sit
814 1914 847 1963 ut
869 1905 994 1982 originis
1016 1905 1173 1976 indicatio,
1201 1924 1279 1981 quae
1300 1905 1458 1964 multorum
1482 1914 1528 1964 est
1549 1923 1607 1964 sua
1629 1927 1679 1964 na-

344 2018 426 2082 tura,
449 2009 488 2068 ad
510 2010 598 2068 unius
621 2007 751 2066 bominis
774 2009 896 2085 eiusque
917 2007 1015 2085 gentis
1041 2008 1277 2085 designationem
1300 2009 1401 2084 aliqua
1423 2028 1489 2066 eum
1511 2009 1681 2067 constantia

346 2113 463 2172 deflexa
484 2109 659 2187 reperiatur.

429 2214 637 2290 Incipiendum
656 2213 774 2270 videtur
795 2211 826 2268 io
847 2213 903 2270 hae
925 2212 1102 2288 quaestione
1117 2235 1135 2270 a
1150 2213 1385 2290 cognominibus.
1423 2213 1469 2272 Ea
1484 2214 1561 2272 enim
1577 2222 1681 2272 notum

346 2326 392 2375 est
418 2336 437 2374 a
463 2317 539 2374 loeis
567 2315 700 2373 derivata
727 2332 876 2396 essenon
899 2324 932 2372 ut
953 2315 1037 2392 origo
1059 2315 1275 2393 designaretur,
1304 2317 1356 2374 sed
1378 2325 1411 2374 ut
1431 2316 1544 2374 factum
1558 2316 1681 2392 ,aliquid

346 2420 445 2478 nobile
472 2418 553 2477 velut
574 2417 701 2476 victoria
728 2437 744 2475 e
772 2417 894 2495 regione
917 2417 970 2475 illa
992 2426 1144 2494 reportata
1164 2426 1194 2476 et
1215 2418 1327 2477 similia
1349 2437 1414 2477 cum
1439 2419 1527 2477 unius
1550 2418 1682 2475 hominis

348 2521 492 2582 memoria
514 2520 672 2579 coniuncta
694 2538 747 2595 per
769 2528 886 2596 gentem
910 2521 974 2579 eius
997 2528 1193 2579 servarentur.
1233 2521 1308 2578 Eius
1330 2521 1449 2596 generis
1471 2521 1502 2578 in
1525 2540 1601 2578 anus
1624 2519 1682 2577 for-

347 2635 430 2683 mata
451 2633 522 2682 sunt
544 2623 702 2696 Africanus
718 2621 889 2682 Coriolanus
912 2622 1073 2698 (siquidem
1096 2623 1170 2680 illud
1194 2643 1262 2680 vere
1283 2623 1341 2680 huc
1363 2623 1504 2700 pertinet)
1528 2623 1683 2699 Hispanus

348 2727 393 2804 (et
417 2725 590 2801 Hispallus)
617 2725 774 2782 Montanus
802 2723 1034 2802 (Tarpeiorum)
1057 2725 1202 2784 Serranus
1231 2725 1316 2801 (olim
1339 2726 1472 2784 Soranus
1492 2725 1683 2800 anitiorum).

348 2830 480 2888 Possunt
502 2826 635 2886 eiusdem
658 2826 775 2904 generis
792 2843 858 2884 esse
873 2844 950 2902 quae
965 2829 995 2886 in
1011 2828 1099 2886 fastis
1113 2835 1182 2886 ante
1196 2829 1364 2904 Augustum
1380 2835 1410 2886 et
1424 2826 1503 2902 apud
1520 2829 1684 2904 scriptores

347 2941 504 3010 praeterea
524 2929 712 3006 reperiuntur
732 2948 827 3006 pauca
845 2929 955 2988 similia
973 2921 1220 2988 Caeliamontanus
1240 2929 1434 2989 Caruentanus
1449 2925 1685 2989 *Caritinesanas

350 3033 538 3110 Fregellanus
560 3030 740 3107 Mrapillanua
764 3031 923 3090 Tuditanus
943 3032 1144 3091 municarius
1162 3032 1316 3091 Vaticanus
1337 3032 1514 3092 maianus(
1541 3029 1603 3092 Sed
1625 3033 1684 3090 for-

348 3145 432 3196 tasse
453 3156 492 3194 ex
506 3141 590 3210 parte
606 3133 699 3192 indita
714 3143 784 3192 sunt
799 3134 836 3192 ab
852 3134 899 3206 iis,
922 3135 972 3210 qui
987 3134 1083 3193 fastos
1099 3143 1341 3211 composuerunt,
1366 3143 1398 3193 ut
1413 3154 1514 3193 veram
1529 3135 1685 3194 hominum

350 3239 494 3315 originem
509 3236 688 3307 iratenens
712 3245 745 3293 ut
759 3235 891 3294 inuicta
905 3219 949 3294 en
964 3237 1068 3313 procul
1084 3236 1173 3296 anuto
1187 3237 1218 3295 n
1233 3237 1272 3295 a.
1289 3237 1412 3313 Papiria
1429 3238 1611 3314 naysum,
1635 3239 1686 3315 qn

351 3340 557 3402 Grac-chorum
575 3348 710 3416 tempore
724 3340 926 3396 disertissimus
942 3339 1053 3397 babitus
1069 3350 1111 3397 est
1124 3359 1158 3397 ea
1172 3339 1271 3410 Latia,
1294 3348 1327 3397 ut
1342 3337 1448 3398 Cicero
1463 3340 1505 3397 ait
1527 3339 1572 3415 (in
1588 3340 1686 3400 Bruto

350 3444 367 3520 ᾗ
386 3442 478 3518 170),
506 3453 536 3500 et
562 3441 591 3498 in
620 3442 652 3499 Τ.
675 3441 790 3499 Betutia
811 3441 911 3498 Barro
933 3441 1079 3500 Asndano
1103 3438 1226 3517 (Cicero
1248 3440 1357 3500 ibidem
1382 3441 1398 3518 ξ
1420 3441 1509 3518 169).
1554 3443 1688 3519 Reliqua

350 3546 416 3605 eius
443 3545 562 3621 generis
589 3543 767 3622 cognomina
794 3544 963 3601 tenuiorum
989 3544 1143 3602 hominum
1166 3553 1235 3601 sunt
1257 3543 1372 3616 omnia3
1401 3543 1536 3620 plebeiae
1558 3547 1686 3623 originis

352 3649 442 3708 etiam
470 3655 625 3705 senatores
654 3645 741 3721 pauci
770 3644 820 3721 qui
848 3645 919 3703 dicti
943 3653 1013 3703 sunt
1040 3646 1183 3705 Cumanus
1209 3645 1382 3704 Hadrianus
1409 3645 1563 3723 Mefitanus
1586 3647 1687 3724 Temp-

351 3771 449 3811 sanus.
491 3748 535 3807 Ut
562 3767 581 3805 a
608 3748 742 3805 locorum
770 3747 1022 3822 appellationibus
1050 3747 1153 3818 dueta,
1181 3766 1257 3824 quae
1285 3757 1314 3806 et
1341 3749 1408 3826 ipsa
1434 3767 1494 3808 non
1515 3748 1687 3826 frequentia

352 3861 431 3923 sunt,
454 3851 548 3910 veluti
570 3851 717 3908 Fontanus
739 3849 896 3909 Montanus
918 3850 1055 3926 Papanus
1070 3849 1203 3926 Rapanus
1226 3851 1349 3909 Vicanas
1370 3851 1513 3922 Urbanus,
1535 3853 1579 3910 ita
1593 3853 1687 3910 Bene·

351 3965 488 4014 centanas
503 3951 676 4024 Beneventi,
702 3952 853 4011 Caietanus
868 3949 1008 4027 Neapoli,
1033 3951 1196 4028 Campanus
1213 3949 1345 4027 Capuae,
1366 3953 1554 4030 Flagellanus
1572 3955 1686 4030 Aquini

352 4068 381 4117 et
396 4056 478 4128 alibi,
493 4054 686 4112 Iferaulanius
701 4052 809 4126 Nolae,
824 4052 1034 4130 Neapolitanus
1048 4053 1187 4131 Neapoli,
1204 4053 1379 4120 Puteolanus
1391 4055 1537 4129 Puteolis,
1553 4056 1687 4116 Soram

352 4161 460 4218 Atinae
482 4159 513 4216 in
529 4155 704 4232 Campania,
725 4157 906 4230 Venafranae
921 4141 1080 4228 Marruvii,
1104 4156 1173 4215 item
1191 4157 1353 4217 Cassitanus
1369 4155 1494 4235 Sagunti
1518 4177 1607 4218 verae
1628 4161 1687 4218 ori-

352 4263 432 4341 ginis
454 4259 627 4318 memoriam
650 4258 752 4335 aliqua
772 4257 888 4317 ratione
910 4268 1038 4334 possunt
1060 4276 1207 4319 servasse.
1249 4259 1333 4318 Idem
1355 4261 1436 4319 valet
1457 4261 1493 4318 de
1515 4263 1687 4321 nominibus

352 4367 383 4422 in
406 4362 570 4439 provinciis
591 4361 665 4418 satis
679 4361 897 4436 frequentibus,
919 4362 1009 4418 veluti
1030 4361 1062 4419 in
1076 4361 1235 4436 Hispania,
1255 4359 1420 4438 Campanas
1435 4363 1592 4422 Finnanus
1610 4367 1687 4423 Fun-

354 4469 447 4526 danus
463 4465 600 4522 Luaanua
618 4463 805 4522 Tusculanus.
843 4461 987 4523 Similiter
1008 4464 1199 4522 indicandum
1222 4465 1286 4522 sine
1308 4465 1399 4523 dubio
1421 4465 1457 4523 de
1472 4465 1599 4524 Romani
1618 4487 1687 4546 cog-

354 4568 473 4627 nomine
494 4567 524 4625 in
546 4565 636 4624 ltalia
658 4575 686 4623 et
710 4566 741 4622 in
763 4565 939 4642 provinciis,
962 4574 995 4622 ut
1016 4565 1159 4637 vidimus,
1183 4584 1241 4625 non
1264 4567 1422 4625 admodum
1444 4586 1529 4636 raro;
1556 4569 1688 4646 itemque

354 4672 392 4730 de
413 4670 593 4748 populorum
616 4668 802 4738 nominibus,
831 4667 922 4725 veluti
944 4667 1105 4743 Africanus
1128 4669 1291 4744 Campanus
1314 4668 1409 4744 (quod
1431 4687 1491 4726 non
1515 4672 1687 4730 necessario

355 4775 394 4831 ad
421 4772 517 4832 solam
539 4769 673 4848 Capuam
701 4768 886 4828 referendum
910 4770 974 4845 est)
1001 4769 1166 4828 Cassitanas
1190 4772 1367 4828 Flentranus
1393 4751 1553 4830 Germanas
1575 4773 1688 4850 Hispa·

354 4895 408 4934 nus
430 4873 568 4933 Lucanus
590 4873 805 4930 Praetuttinnus
825 4871 985 4946 Sequanae,
1009 4889 1135 4947 quorum
1154 4872 1313 4931 Genaunes
1335 4873 1395 4931 fere
1418 4873 1547 4932 militam
1572 4886 1687 4934 tantum

356 4986 411 5049 est,
433 4977 585 5054 Hispanus
607 4985 692 5033 extra
708 4973 887 5050 Hispaniam
909 4991 1003 5050 paene
1025 4974 1200 5034 inauditum.
1235 4974 1295 5035 Sed
1317 4957 1485 5052 quanquam
1509 4977 1599 5035 etiam
1621 4997 1688 5056 cog·

356 5079 478 5138 nomina
498 5079 552 5138 illa
573 5077 731 5136 coniuncta
750 5077 845 5135 fuisse
867 5075 966 5151 aliqua
986 5077 1102 5136 ratione
1123 5095 1189 5136 eum
1205 5078 1320 5154 origine
1335 5079 1437 5155 negari
1452 5079 1566 5156 nequit,
1587 5090 1687 5140 tamen

357 5188 468 5240 cedam
490 5181 554 5240 eius
576 5179 716 5239 indicium
740 5197 927 5255 nequaquam
950 5178 1113 5254 proferunt.
