3540 5828
317 480 392 550 128
751 495 1059 548 snnrraunurvu
1077 493 1162 546 von.
1181 493 1211 544 11

1491 597 1647 606 -———-—-

312 672 404 731 fallor
425 672 666 748 antIquissimum
689 670 780 747 sst1).
814 671 888 729 Item
911 669 1131 748 sexagesimum
1154 686 1263 727 aunum
1285 686 1352 726 cum
1366 666 1450 744 leges
1465 667 1650 725 recentiores

313 774 350 832 de
372 793 404 832 re
426 773 597 850 municipali
620 774 709 850 plane
729 775 881 851 ignorent,
902 771 1068 849 antiquitus
1090 789 1156 829 eum
1178 771 1267 828 finem
1289 768 1381 828 inisse
1404 777 1523 828 constat
1543 789 1650 829 mune·

312 897 378 936 rum
401 876 590 954 publicorum
612 875 851 954 principiumque
873 875 970 934 iustae
991 869 1235 949 immunitatis2).

196 1502 288 1552 Ponti·
401 1489 597 1553 Sacerdotum
623 1490 751 1569 collegia
777 1490 836 1550 dno
863 1491 929 1550 sola
953 1499 1222 1552 commemorantur
1249 1509 1395 1568 augurum
1417 1491 1653 1570 pontificumque

206 1576 276 1636 ⁸⁰⁰⁸*
314 1595 368 1672 (l,
391 1593 443 1670 1),
477 1611 556 1670 quae
588 1601 690 1652 notum
723 1602 771 1653 est
803 1593 890 1652 etism
919 1593 950 1651 in
975 1613 1008 1652 re
1039 1594 1161 1672 publica
1191 1595 1329 1677 Romana
1363 1594 1429 1652 sola
1464 1594 1556 1654 fuisse
1589 1595 1652 1672 ipsi

186 1664 295 1714 πω
317 1695 458 1774 aequalia
483 1715 538 1754 uec
564 1695 695 1755 defuisse
721 1695 752 1754 in
779 1695 842 1755 nlla
867 1695 905 1754 ad
931 1697 996 1756 eius
1023 1696 1247 1756 similitudinem
1269 1698 1415 1756 Instituta.
1460 1695 1653 1757 Commemo-

316 1806 423 1857 rantur
448 1804 546 1857 autem
568 1799 624 1872 ita,
652 1808 686 1857 ut
706 1798 776 1857 iude
798 1808 942 1875 appareat
963 1817 983 1856 a
1003 1799 1211 1859 sacerdotibus
1232 1800 1292 1859 illis
1315 1801 1427 1876 pariter
1448 1809 1538 1876 atque
1560 1819 1578 1857 a
1600 1799 1653 1858 de·

318 1899 490 1960 carioribus
516 1901 723 1978 magistratum
750 1901 859 1980 pignus
887 1919 994 1978 capere
1019 1901 1168 1980 potuisse,
1195 1902 1222 1961 si
1248 1903 1299 1980 qui
1321 1920 1422 1961 eorum
1445 1901 1545 1961 officio
1566 1902 1653 1980 iungi

317 2003 512 2074 desecares
541 2002 621 2081 qnod
642 2003 758 2062 Romae
779 2022 899 2080 quoque
921 2002 1087 2063 obtinuisse
1110 2002 1216 2064 Cicero
1239 2004 1400 2082 significat,
1422 2004 1473 2063 ubi
1495 2003 1576 2081 ait⁸)
1600 2004 1653 2063 tri·

319 2107 432 2164 bunum
453 2104 705 2183 plebis1pontiiici
728 2106 773 2165 ccl
794 2108 962 2165 denuntiare
981 2106 1119 2185 potuIsse
1140 2109 1185 2166 ccl
1206 2111 1291 2166 etiam
1312 2126 1419 2184 capere.

185 2218 306 2270 curasa-
403 2205 583 2267 At'uorum
609 2209 731 2268 omnino
758 2208 866 2267 accidit
891 2209 972 2285 quod
998 2227 1023 2266 c.
1045 2206 1216 2268 CXXVIII
1238 2210 1435 2287 perscriptum
1457 2218 1501 2269 est
1522 2209 1559 2267 de
1580 2227 1656 2268 cura

197 2309 289 2344 ¹¹⁰¹¹¹³³
319 2311 442 2390 publica
466 2310 601 2369 fanorum
629 2311 806 2388 templorum
834 2311 1041 2383 delubrorum,
1067 2310 1180 2371 scillcet
1206 2311 1333 2389 singulis
1360 2313 1447 2371 annIs
1468 2311 1585 2371 IIviros
1615 2331 1656 2371 ex

322 2413 516 2473 decurionum
538 2413 657 2472 decreto
679 2413 715 2472 ad
739 2413 859 2494 singula
879 2413 951 2471 iana
971 2414 1132 2490 megIstros
1154 2414 1253 2473 iacere
1275 2423 1421 2490 oportere,
1444 2415 1495 2491 qui
1515 2413 1657 2492 magistri

323 2516 412 2576 ludos
441 2516 605 2588 circenses,
636 2515 796 2588 sacrificia,
823 2516 993 2594 pulvinaris
1018 2513 1137 2575 iaciant.
1181 2514 1259 2575 Nam
1286 2519 1417 2594 mopistn'
1434 2519 1505 2591 sani
1531 2516 1656 2593 quidem

322 2619 484 2697 aliquoties
505 2617 535 2675 in
558 2618 708 2694 lapidibus
730 2618 1054 2695 commemorantur4),
1077 2619 1129 2678 sed
1152 2638 1213 2696 qno
1235 2620 1302 2678 loco
1323 2619 1449 2690 inerint,
1471 2637 1576 2696 parum
1600 2639 1657 2678 uo·

321 2737 437 2793 ramus,
467 2738 535 2778 cum
562 2721 739 2798 praesertim
766 2720 892 2798 reliquls
919 2720 1101 2782 illustriores
1129 2723 1289 2801 magistros
1317 2720 1488 2800 Campanos
1516 2728 1657 2799 apertum

322 2823 363 2882 sit
383 2822 604 2910 quodammodo
627 2823 812 2883 successisse
833 2824 864 2882 in
886 2823 983 2882 locum
1001 2825 1241 2900 magistratuum,
1264 2824 1315 2900 qui
1331 2842 1366 2884 eo
1382 2832 1514 2902 tempore
1530 2821 1658 2900 Capuae

286 2969 287 2972 ,
321 2925 396 2985 nulli
418 2933 512 2996 erant,
535 2925 636 3003 itaque
658 2945 734 3003 quae
756 2925 794 2984 dc
813 2925 850 2986 iis
873 2925 1029 2985 raduntur
1050 2933 1198 3003 quatenus
1214 2926 1345 3003 'reliquis
1366 2945 1486 3003 qnoque
1505 2932 1578 3003 apta
1592 2925 1658 2984 sint

320 3029 384 3087 inre
410 3026 539 3086 dubitari
566 3035 692 3104 poterat.
736 3028 801 3088 Iam
828 3028 910 3104 quod
936 3048 1039 3088 eornm
1066 3029 1146 3088 tituli
1172 3037 1320 3089 testantur
1344 3026 1468 3105 Capuae
1492 3027 1657 3106 magistros

321 3131 484 3207 quotannis
507 3130 634 3189 reiectos
656 3149 723 3190 esse
745 3130 893 3207 ludosque
910 3130 1039 3190 edidisse
1061 3131 1167 3206 (roll
1188 3152 1217 3209 p.
1237 3130 1309 3207 159)
1332 3131 1362 3190 id
1382 3130 1480 3208 ipsum
1495 3130 1534 3188 ad
1549 3148 1657 3189 omnes

320 3233 457 3292 fanorum
480 3231 642 3311 magistros
663 3233 820 3311 pervenire
841 3234 914 3292 haec
935 3233 986 3292 lex
1007 3234 1146 3307 ostendit,
1168 3252 1222 3294 nec
1243 3233 1331 3294 facile
1352 3234 1479 3312 posthac
1493 3232 1658 3310 quIsquam

322 3335 443 3414 negabit
464 3337 626 3416 magistros
646 3335 791 3407 fanorum,
816 3336 920 3412 quales
942 3337 1003 3395 iam
1024 3335 1183 3396 didicimus
1205 3336 1236 3395 in
1259 3336 1378 3396 colonia
1393 3334 1543 3396 GenetIva
1557 3335 1658 3394 creari

322 3437 429 3497 solitos
450 3456 535 3512 esse,
561 3439 652 3496 etiam
672 3439 703 3497 in
724 3437 850 3514 reliquls
872 3438 998 3498 coloniis
1020 3438 1251 3516 municipiisque
1273 3457 1426 3498 sacrorum
1448 3457 1551 3496 curam
1573 3438 1659 3496 simi·

320 3538 389 3598 liter
415 3541 525 3618 egIsse.
569 3542 612 3598 At
637 3550 667 3599 et
689 3539 840 3600 difficilius
862 3540 951 3619 louge
971 3550 1019 3600 est
1039 3549 1069 3599 et
1091 3542 1184 3600 multo
1207 3530 1329 3600 maiorIs
1351 3541 1493 3599 momenti
1511 3539 1658 3599 determi-

400 3891 423 3954 ¹)
452 3891 527 3943 Idam
549 3893 673 3958 proponit
690 3892 782 3943 Festus
801 3907 825 3941 v.
845 3891 926 3957 pubes
944 3907 970 3956 p.
986 3891 1047 3943 250.
1085 3893 1154 3944 Iurls
1175 3899 1292 3944 auctores
1311 3893 1431 3953 Caiusl,
1447 3891 1499 3942 136
1518 3897 1543 3940 et
1562 3891 1658 3956 Ulpia·
1760 3939 1763 3944 .

322 4001 371 4036 nus
393 3987 435 4047 11,
455 3986 489 4036 28
509 3985 611 4035 scholas
631 3985 792 4035 determino
812 3984 961 4034 dissensisse
980 3985 1108 4048 referunt,
1134 3993 1162 4035 ut
1180 4001 1236 4036 sam
1256 4001 1333 4052 quam
1353 3985 1472 4036 Caesaris
1490 3985 1533 4034 lcx
1553 3984 1658 4048 opinio-

322 4093 382 4128 nem
400 4077 550 4129 Proculiani
569 4079 649 4128 secuti
667 4079 727 4128 sint.

400 4167 425 4232 ¹)
453 4171 538 4221 Varro
562 4170 632 4235 apud
650 4169 764 4220 Nonium
783 4186 809 4235 p.
825 4170 892 4221 523:
916 4187 970 4236 carp
1060 4169 1187 4221 debebant
1204 4167 1259 4221 LX
1275 4185 1366 4233 armos,
1392 4177 1442 4220 tura
1460 4167 1565 4235 desiqroe
1583 4176 1661 4220 crocu

323 4280 340 4312 a
356 4259 468 4330 publicis
486 4262 594 4328 nepotata
613 4259 689 4312 liberi
705 4269 779 4329 atquc
797 4263 880 4313 ortos.
914 4265 1014 4314 Auctor
1032 4264 1067 4314 ad
1078 4265 1192 4314 Herenn.
1207 4265 1232 4326 2,
1249 4265 1291 4326 13,
1307 4264 1354 4314 201
1374 4269 1402 4312 ct
1418 4262 1500 4312 maior
1515 4261 1591 4312 mais
1603 4259 1662 4312 Lx

324 4361 349 4405 et
367 4352 526 4405 culmurtca
543 4371 622 4405 consa
641 4361 684 4415 est,
706 4357 857 4422 coyaitorem
876 4354 925 4408 det.
953 4357 1022 4407 Vide
1041 4356 1073 4406 ds
1092 4357 1199 4406 militari
1218 4363 1300 4407 aetate
1313 4354 1456 4405 Beckcrum
1475 4353 1615 4416 anchisi,
1633 4358 1658 4417 1,

324 4447 387 4498 215.
402 4447 470 4508 216,
496 4447 528 4497 de
547 4447 677 4498 senatoris
695 4448 729 4498 ib.
752 4450 777 4509 2,
793 4449 818 4510 2,
832 4451 895 4500 407.
915 4477 948 4487 -
975 4450 1007 4500 In
1025 4464 1053 4498 rs
1072 4450 1222 4515 municipali
1241 4449 1419 4514 quod-postes
1437 4447 1549 4498 obtinuit
1566 4463 1660 4498 muns·

322 4555 381 4590 rum
401 4539 514 4590 civilium
533 4540 722 4590 immunitatem
741 4541 855 4605 inprerc
873 4549 933 4607 post
951 4557 1046 4592 aunum
1066 4542 1280 4608 septuagesimum
1300 4540 1375 4606 (big.
1391 4541 1434 4602 50,
1449 4541 1474 4601 2,
1490 4541 1515 4601 2,
1532 4541 1557 4589 8.
1576 4540 1617 4589 tlt.
1632 4540 1658 4602 6,

323 4632 341 4681 4
360 4630 409 4696 [3].
447 4631 528 4683 Kubn
546 4629 621 4682 stddt.
641 4628 708 4696 Vers.
730 4635 753 4696 1,
769 4615 824 4697 70),
844 4650 897 4685 nou
913 4641 967 4686 tam
985 4633 1019 4685 sd
1038 4649 1130 4700 operas
1148 4648 1227 4686 mauu
1245 4633 1377 4685 faciendus
1395 4633 1508 4698 pertiuet
1524 4646 1603 4698 quam
1623 4634 1659 4683 sd

324 4723 470 4774 curationes
488 4723 641 4790 similiaque.

400 4812 424 4876 ⁸)
453 4815 495 4866 De
515 4816 592 4866 domo
612 4817 735 4879 45,117.
774 4817 815 4870 CI.
834 4819 892 4869 Lir.
907 4819 950 4882 33,
964 4821 1008 4870 42.

400 4904 425 4970 ⁴)
455 4907 535 4960 Orell.
549 4910 620 4960 2218
635 4929 669 4950 =
683 4910 705 4961 1.
719 4910 752 4961 N.
768 4912 853 4962 39421
872 4927 938 4978 may.
950 4911 1015 4978 sani
1026 4909 1139 4962 Iunonis.
1172 4911 1252 4962 Orell.
1266 4911 1337 4961 3053
1351 4929 1385 4951 =
1399 4911 1420 4960 I.
1435 4910 1469 4960 N.
1483 4909 1570 4960 3636:
1590 4927 1658 4978 may.

316 4998 377 5065 jan.
397 4997 477 5050 Diam
495 4999 519 5050 T
517 5000 574 5066 isat.
610 5001 671 5052 Non
690 5003 785 5054 diversi
803 5011 863 5054 sunt
881 5005 975 5069 opinor
986 5004 1109 5070 fanorum
1128 5010 1257 5055 curatores
1275 5003 1393 5074 homiues
1411 5003 1517 5068 ingenui
1536 5010 1660 5069 quattuor

324 5093 392 5142 tituli
406 5093 564 5144 Veronensis
584 5093 700 5154 (chzen
715 5093 788 5146 5930
808 5115 841 5138 =
861 5096 891 5148 C.
906 5098 928 5148 1.
942 5099 972 5148 L.
986 5099 1020 5160 V,
1035 5098 1119 5160 3924;
1140 5097 1173 5148 ci.
1192 5096 1289 5146 ibidem
1307 5111 1334 5145 a.
1349 5095 1429 5146 3310.
1445 5093 1528 5158 5311)
1547 5095 1659 5148 similes-

325 5199 374 5251 que
393 5184 455 5234 alibi
474 5185 589 5248 (Hersen
608 5187 662 5238 iud.
680 5203 706 5254 p.
723 5187 795 5250 161).
