3466 5820
425 515 430 528 “
506 542 645 595 morsm
662 541 849 594 mnemon.
882 543 1008 598 naam.

671 979 835 1059 DAOIA.

130 1214 245 1274 Daciae
271 1212 515 1289 inscriptionibus
542 1220 612 1290 poet
633 1233 678 1272 me
700 1221 852 1274 strenuam
874 1221 904 1272 et
922 1214 1106 1274 fructuosam
1130 1233 1251 1290 operam
1273 1214 1417 1274 dederunt

88 1315 147 1376 duo
175 1319 229 1378 viri
255 1317 383 1379 Carolus
407 1318 515 1380 Gooss
538 1316 772 1389 Transilvanns‚
799 1318 851 1394 qui
876 1336 942 1376 cum
970 1317 1000 1375 in
1027 1326 1247 1395 programmate
1269 1317 1416 1395 gymnasii

90 1419 380 1500 Sohaessburgensis
404 1421 541 1498 (Studien
561 1439 613 1479 ans
636 1418 783 1496 Geoprafie
804 1421 864 1478 and
885 1419 1047 1480 Gescbiclste
1069 1421 1117 1478 des
1139 1419 1331 1494 trojanischen
1352 1421 1416 1477 Da·

90 1527 173 1581 dens.
207 1523 445 1584 Hermannstadt
462 1524 550 1583 1874.
573 1524 601 1583 8.
620 1543 648 1600 p.
663 1523 717 1599 77)
739 1531 800 1582 tum
816 1523 846 1581 in
862 1523 1081 1582 commentariis
1097 1523 1217 1582 insertis
1234 1523 1308 1580 actis
1325 1523 1416 1580 socie·

89 1627 160 1684 tatis
173 1626 422 1687 Transilvanicae
438 1626 560 1702 (Archiv
575 1627 624 1684 des
638 1625 753 1704 Vereins
761 1625 816 1702 sdr
830 1625 1073 1702 siebenbd'rpisebs
1083 1623 1296 1684 Londesltande
1310 1624 1367 1684 vol.
1379 1626 1412 1682 11

89 1745 115 1785 a.
135 1728 213 1788 1873
236 1749 265 1806 p.
282 1729 440 1803 98-1173
463 1730 523 1787 vol.
543 1726 579 1786 17
601 1747 628 1786 a.
647 1728 726 1787 1874
749 1746 777 1804 p.
796 1727 977 1803 107-175)
1005 1728 1092 1786 etiam
1116 1727 1210 1786 titulis
1232 1728 1362 1786 nondum
1384 1726 1414 1785 in

88 1829 183 1889 lucem
206 1832 333 1908 prolatis
355 1815 478 1891 edendis
501 1851 600 1891 curam
616 1830 768 1907 impendit,
792 1841 821 1887 et
835 1829 907 1889 Otto
922 1829 1128 1889 thscassto
1148 1849 1229 1890 meus
1245 1831 1333 1888 hodie
1348 1848 1416 1906 pro·

87 1931 185 1991 sessor
211 1934 415 1994 universitatis
437 1934 614 2011 Pragensis‚
643 1935 692 2010 qui
715 1953 742 1991 a.
761 1933 839 1992 1873
865 1936 952 1991 iussn
973 1951 1075 1990 eorum
1098 1933 1148 2009 qni
1171 1937 1203 1990 in
1224 1933 1351 1993 Austris
1370 1953 1415 1991 re·

87 2034 144 2094 bus
167 2048 311 2111 praesunt
331 2037 408 2095 hanc
429 2045 537 2096 terram
563 2036 738 2113 vicinasque
759 2036 898 2111 regiones
921 2053 980 2092 una
1001 2054 1067 2094 cum
1090 2034 1271 2094 Benndorfio
1300 2035 1417 2111 collega

86 2143 258 2214 peragravit
292 2139 535 2216 inscriptionibus
571 2139 660 2197 editis
693 2136 943 2214 recognoscendis
975 2139 1155 2214 ineditisque
1193 2137 1336 2196 addendis
1368 2136 1415 2196 vel

87 2244 218 2298 maxime
244 2245 385 2300 intentus.
431 2241 506 2300 Eius
533 2240 648 2301 itineris
675 2251 835 2316 postquam
861 2240 962 2298 brevis
988 2241 1096 2298 notitia
1122 2241 1193 2298 data
1220 2249 1267 2298 est
1293 2239 1416 2299 Metei-

88 2343 191 2418 lunpen
213 2344 263 2401 der
287 2344 584 2404 Centraleommission
605 2342 664 2401 vol.
684 2343 720 2401 18
743 2361 769 2400 a.
787 2342 864 2401 1873
886 2361 915 2418 p.
933 2341 992 2400 328
1006 2360 1083 2418 seq„
1109 2341 1179 2401 data
1201 2362 1293 2421 opera
1312 2342 1415 2401 titulos

87 2464 107 2502 a
132 2462 164 2503 ae
187 2445 360 2505 emendatos
384 2447 539 2505 additosve
562 2447 719 2522 proposuit
739 2445 770 2504 in
791 2449 865 2503 actis
887 2445 1053 2504 minoribus
1076 2446 1244 2504 academiae
1264 2445 1414 2504 Vindobo-
1524 2518 1526 2525 Ι

87 2551 189 2607 nensis
217 2547 258 2623 (a.
283 2547 362 2607 1874
383 2549 443 2608 vol.
459 2549 497 2606 77
521 2569 549 2626 p.
572 2547 759 2608 sss-429:
787 2549 1006 2630 epiprnplsisclse
1027 2548 1168 2608 Nocllese
1192 2567 1255 2606 anm
1279 2549 1309 2609 0.
1330 2549 1357 2607 1.
1376 2548 1414 2606 L.

86 2649 142 2708 nol.
156 2649 216 2708 ΙΙΙ
233 2668 286 2709 aas
304 2651 417 2710 Dacico
438 2652 499 2709 und
512 2651 664 2727 Moesica).
681 2683 719 2692 -
741 2649 879 2728 Hungari
901 2670 977 2728 qaae
1000 2671 1053 2729 per
1074 2652 1129 2710 bos
1151 2669 1246 2710 annos
1269 2649 1304 2709 de
1326 2652 1415 2710 rebus

86 2749 210 2811 Dacicis
228 2752 392 2825 ediderunt,
414 2764 446 2812 ut
461 2753 638 2813 Theodorus
655 2752 787 2815 Onrvar
807 2758 838 2813 in
858 2759 933 2814 actis
953 2755 1116 2813 maioribus
1131 2754 1302 2813 academiae
1318 2753 1415 2813 Pesti·

85 2859 188 2914 nensis
219 2855 345 2933 aliique,
376 2875 413 2915 ea
440 2875 505 2914 cum
533 2856 761 2935 inscriptionum
790 2857 964 2916 thesaurum
992 2874 1051 2915 non
1079 2871 1259 2936 magnopere
1287 2865 1417 2934 augeant

86 2957 257 3035 scriptaque
285 2957 346 3017 sint
372 2959 475 3037 lingua
503 2960 582 3036 apud
611 2971 729 3019 exteros
757 2960 874 3037 ignota,
903 2959 947 3018 ita
973 2960 1011 3018 iis
1038 2977 1112 3019 usus
1140 2977 1221 3031 sum,
1248 2967 1282 3018 ut
1307 2959 1345 3017 ad
1371 2960 1415 3018 in·

87 3059 265 3136 scriptiones
288 3060 370 3120 solas
391 3061 582 3120 attenderem.
621 3061 772 3122 Goosaius
794 3072 891 3122 autem
913 3065 1013 3138 etqui
1036 3061 1072 3121 de
1093 3081 1126 3120 re
1147 3061 1417 3140 epigraphicaple·

86 3162 153 3220 nius
179 3162 268 3240 longe
290 3164 431 3241 exposuit
452 3164 670 3224 Hirschfeldius
693 3184 769 3242 qnae
790 3166 992 3244 protulerunt,
1022 3165 1100 3224 infra
1121 3172 1292 3241 repetentur
1312 3164 1416 3240 paucis

85 3264 210 3324 minoris
236 3267 375 3324 momenti
403 3268 525 3328 omissis
547 3267 595 3328 vel
620 3270 717 3347 magis
739 3269 765 3326 ei
787 3268 913 3345 tempori
935 3269 1112 3338 reservatis,
1138 3286 1198 3344 quo
1220 3267 1326 3326 harum
1346 3286 1416 3345 pro-

85 3366 250 3427 vinciarum
272 3369 425 3429 titulorum
448 3372 612 3431 auctarium
633 3376 693 3449 ipsi
716 3371 834 3450 corpori
855 3380 987 3448 aptatum
1009 3370 1148 3448 prodibit.

84 3557 134 3618 Ad
155 3577 184 3636 p.
203 3559 271 3618 140.
316 3559 377 3636 Qui
404 3581 499 3641 nuper
524 3567 654 3623 innotuit
680 3581 747 3622 cum
775 3582 814 3622 ex
837 3563 923 3623 titulo
947 3561 1161 3622 concordiensi
1188 3561 1325 3637 (Bollett.
1350 3560 1415 3621 dell’

128 3662 200 3721 Inct.
216 3663 294 3722 1874
315 3685 345 3742 p.
362 3666 418 3742 34)
440 3673 503 3725 tum
526 3685 564 3725 ex
586 3665 747 3744 diplomate
769 3685 796 3724 a.
815 3665 872 3724 166
895 3664 974 3723 infra
995 3665 1074 3724 edito
1097 3664 1136 3724 T.
1157 3663 1311 3723 Desticins
1334 3664 1371 3723 T.
1393 3664 1414 3724 f.

128 3761 192 3823 cla.
217 3763 345 3825 Severus
365 3787 447 3844 proc.
469 3768 546 3844 Any.
565 3789 647 3846 prov.
671 3769 784 3827 Daciae
805 3772 943 3845 superior.
965 3786 1030 3826 cnm
1053 3778 1124 3843 post
1144 3786 1207 3825 eam
1230 3771 1415 3844 procuratio-

126 3887 192 3926 nem
219 3888 246 3927 a.
267 3888 297 3945 p.
318 3867 353 3929 C.
378 3869 435 3929 166
462 3871 600 3930 Raetiam
627 3873 811 3948 procurarit,
838 3870 993 3949 probabile
1019 3880 1065 3928 est
1090 3868 1128 3928 ad
1156 3869 1311 3930 a.o.150
1338 3870 1413 3929 anti·

126 3988 216 4047 quam
238 3975 432 4049 partitionem
455 3973 613 4033 mansisse.

593 4322 674 4400 Aper
694 4323 901 4384 Bistn'ttensis.

83 4504 158 4567 878
181 4505 366 4586 Burghallen
387 4526 481 4586 prope
502 4508 635 4568 Bistrita.

730 4711 766 4770 bt

693 4828 799 4872 szts

695 4931 799 4973 ΤΙΝΑ

695 5033 800 5077 5th

82 5223 186 5285 Gooss
208 5223 328 5286 Studien
348 5245 400 5286 zar
425 5225 533 5304 Geopr.
555 5227 684 5288 Deciens
705 5247 736 5304 p.
752 5229 805 5301 483
828 5229 938 5289 Archiv
962 5228 1095 5300 1t,175.
