3540 5828
577 522 736 583 Qvnusu.
757 522 976 574 amounuou.
997 525 1021 573 1.
1416 506 1461 576 87

703 625 895 632 ,..--.-.---
1305 627 1458 636 -ι--α

123 691 188 754 Sed
217 695 307 753 etiam
338 695 462 755 Cordum
488 697 606 771 Cursum
632 695 733 756 Saetae
759 697 880 755 formari
907 697 1040 772 potuisse
1066 698 1134 772 quis
1160 698 1299 774 negabit?
1344 697 1464 758 Deinde

123 806 159 854 ut
187 798 294 872 Aesola
320 797 432 873 Mesola
454 798 578 857 Trebula
606 799 747 858 Faesulae
767 798 891 857 Verulae
918 798 1027 857 Corioli
1053 799 1166 857 Puteoli
1184 800 1349 876 'Aequiculi
1374 801 1465 860 Eruli

121 901 259 976 Apulum
279 900 431 959 Tusculum
452 919 506 976 per
528 901 556 958 ol
575 902 639 960 sive
661 901 693 958 ul
714 901 861 960 suffixum·
879 900 1008 960 formata
1029 919 1096 961 esse
1118 911 1243 978 apparet
1264 904 1352 961 haec:

402 1074 521 1133 Distula
544 1074 606 1150 (vel
628 1075 772 1146 Distulae,
794 1075 952 1149 Distulum,
1066 1071 1208 1133 ’Puelula

599 1176 723 1253 Distuli)
1001 1194 1027 1236 ts
1070 1177 1201 1236 Raamla

400 1278 518 1338 Fistula
1024 1263 1027 1268 ¹
1069 1279 1199 1356 Tisiussa

332 1397 357 1440 aa
399 1381 546 1456 Funisula
1075 1381 1213 1442 Vaoisula

401 1483 549 1542 Lacutula
1073 1484 1220 1543 Versicula

401 1585 517 1645 Luaula
1072 1585 1204 1646 Vesicula

398 1689 548 1746 Pauscula
999 1705 1025 1746 so
1073 1688 1185 1764 Urpala

209 1860 348 1938 Cognata
369 1873 439 1922 sunt
459 1863 587 1922 formata
610 1882 662 1940 per
685 1865 710 1921 el
732 1863 779 1936 all,
802 1863 825 1920 il
847 1863 881 1920 ill
902 1818 1027 1935 suffixa,
1051 1871 1083 1920 ut
1104 1861 1209 1920 Abella
1230 1862 1382 1938 Frepellae
1408 1864 1459 1921 Ce-

107 1965 189 2024 relli
214 1964 328 2022 Vitellia
350 1965 429 2042 Afila
450 1963 596 2043 *Mupilla
617 1965 761 2036 Bouillae,
784 1967 873 2024 haec:

514 2201 515 2204 ,
535 2139 664 2198 *Lorele
900 2136 1023 2216 Caspila

538 2242 639 2319 Tosale
828 2259 854 2300 ss
896 2241 1032 2317 Apscilla

540 2343 673 2403 Gerellae
893 2343 1018 2421 Lapilla

108 2519 253 2578 Rariora
273 2519 402 2578 formata
423 2527 492 2578 sunt
513 2540 566 2598 per
589 2520 786 2596 ilsulfixum,
811 2529 843 2578 ut
866 2517 977 2595 Allifae
998 2537 1064 2577 cum
1087 2519 1247 2591 similibus,
1270 2519 1377 2580 veluti:

532 2683 658 2759 Raetise
893 2683 1018 2760 Supaifa

108 2857 244 2917 Deinde
260 2877 318 2934 per
339 2861 364 2916 is
387 2867 417 2916 et
438 2877 477 2930 er,
500 2859 543 2916 ita
566 2867 598 2916 ut
620 2858 732 2916 vocalis
754 2858 843 2916 etiam
866 2857 993 2916 elidetur
1020 2856 1068 2932 (ut
1093 2855 1217 2933 Compsa
1239 2859 1360 2935 Tempsa
1384 2833 1453 2920 Ora-

109 2960 174 3017 bra
201 2958 301 3036 Cupra
327 2959 415 3019 Ostra
435 2959 615 3036 Venafrum),
638 2960 727 3018 haec:

530 3123 627 3181 Petita
733 3143 735 3148 ’
891 3123 1046 3199 Breb(e)ra

460 3244 488 3284 so
539 3225 670 3302 Vip(i)sa
898 3223 1027 3302 Vic(e)ra

107 3402 197 3460 Item
221 3419 276 3476 per
296 3410 322 3460 et
343 3411 373 3459 et
394 3405 432 3476 lt,
458 3410 489 3458 ut
512 3401 611 3460 Caieta
634 3399 782 3476 Spalatum
804 3412 834 3460 et
856 3401 980 3473 similia,
1006 3419 1084 3477 quae
1111 3420 1204 3478 supra
1231 3403 1387 3479 composui
1415 3403 1453 3461 ad
1492 3417 1496 3423 “

107 3502 281 3579 Calpetaai
302 3521 419 3575 nomen,
442 3504 531 3566 haec:

531 3663 653 3742 Calpela
795 3675 797 3682 ‘
891 3667 998 3725 Coacta

526 3768 667 3827 ’Carbeta
891 3765 1036 3826 *Teriolte

458 3888 485 3929 ss
529 3867 675 3947 *Capreta
896 3869 1039 3946 Vips(i)ta

103 4047 220 4123 Atque
243 4064 296 4120 per
317 4050 352 4116 ia,
376 4055 408 4104 ut
429 4045 572 4106 Labicum
592 4047 738 4108 Satricum
763 4048 887 4117 motem,

329 4209 428 4268 Getica
450 4209 527 4285 (sive
554 4209 695 4286 Calicem)
842 4211 963 4267 Raetica
986 4209 1064 4285 (sive
1086 4207 1247 4286 Raeticum)

254 4329 281 4369 so
323 4311 438 4370 Marica
845 4310 977 4388 Surpica,

102 4480 248 4538 fortasse
270 4474 360 4533 etiam
384 4475 483 4534 Vatiae
506 4486 536 4534 et
556 4475 709 4536 ’Sabinam

200 4577 341 4654 Denique
362 4595 429 4636 cam
451 4578 589 4636 Caroeato
605 4577 742 4636 Nomento
763 4576 891 4635 fortasse
914 4577 1151 4652 componendum
1173 4578 1326 4651 Veientum,
1350 4599 1368 4637 a
1389 4599 1449 4656 quo
1531 4637 1532 4642 ,

113 4682 295 4742 Veientanus
321 4697 483 4757 cognomen
511 4680 621 4738 factum
649 4689 709 4752 est,
736 4690 766 4736 et
791 4661 858 4738 cum
881 4679 1046 4758 peregrinis
1066 4680 1159 4738 veluti
1185 4680 1348 4742 Gaditanus
1371 4702 1448 4744 com·

104 4781 255 4862 paranda
276 4777 454 4841 *Batitaaua
476 4782 627 4858 Mefitoaas
650 4781 816 4839 Portemus.

200 4881 428 4960 Quinquaginta
449 4885 581 4960 quinque
601 4883 663 4942 lere
685 4885 817 4942 locorum
840 4885 1010 4961 ignotorum
1028 4885 1150 4943 nomina
1166 4887 1239 4945 satis
1255 4887 1453 4963 probabiliter
1528 4931 1531 4936 Δ

104 4989 154 5047 ita
174 4984 314 5044 videmur
335 4987 420 5044 nobis
442 4986 696 5045 demonstravisse
717 4986 766 5058 iis,
788 4987 838 5062 qui
860 4985 1108 5063 chorographiam
1122 4988 1228 5048 Italiae
1244 4999 1381 5051 tractant.
1415 4991 1449 5054 Si

104 5088 228 5166 oppida
242 5097 317 5145 nota
336 5088 572 5158 consideramus,
591 5107 629 5146 ex
644 5089 753 5164 quibus
767 5089 889 5147 nomina
905 5089 958 5147 illa
973 5090 1108 5148 derivata
1121 5108 1188 5150 esee
1203 5110 1294 5170 supra
1308 5094 1448 5168 vidimus,

103 5189 267 5272 permulta
281 5209 382 5248 earum
398 5191 455 5250 sita
469 5191 564 5250 fuisse
578 5191 745 5268 reperimus
761 5191 791 5248 in
801 5190 889 5249 Latio
905 5191 1095 5266 potissimum
1111 5201 1140 5252 et
1153 5193 1326 5272 regionibus
1340 5197 1447 5257 vicinis
