3510 5820
328 543 374 614 18
666 519 670 528 ’
917 559 1057 611 naman

406 733 473 791 Iam
494 751 571 811 quaa
594 739 760 809 sequuntur
774 731 997 792 tritissimarum
1014 733 1044 791 in
1060 733 1156 792 titulis
1171 731 1342 791 honorariis
1358 731 1553 790 formularum
1570 749 1658 790 usum

323 835 468 895 excedere
490 854 549 894 non
572 835 724 905 videntur3
747 841 845 894 tamen
868 854 928 893 non
950 836 1052 894 omnia
1073 834 1223 912 expedivi.
1256 824 1400 909 μεγάλαις
1415 825 1526 918 ίίριχαις
1544 841 1658 892 certum

324 946 384 1010 est3
411 937 465 996 sed
491 940 725 1020 ΚΑΙΤΑΞΙᾼΕΙΣ
752 937 825 1014 quid
852 937 892 996 sit
919 937 1030 996 nescio.
1074 928 1218 996 Ἐκδικίας
1243 935 1374 996 officium
1398 969 1436 980 --
1459 935 1658 1012 nequeenim

324 1048 371 1098 est
396 1056 503 1098 munus
532 1073 569 1083 -
597 1039 774 1097 creberrime
797 1047 993 1098 memoratum
1013 1039 1242 1098 liberalissimus
1264 1041 1393 1115 quisque
1414 1047 1445 1096 et
1466 1036 1657 1114 opulentissi-

323 1159 390 1200 mus
412 1141 520 1200 civium
544 1141 671 1199 subibat.
706 1139 860 1200 Ciceronis
882 1149 930 1200 est
950 1141 1079 1217 epistola
1099 1142 1139 1200 ad
1153 1141 1315 1200 Thermum
1340 1141 1392 1217 (sd
1407 1141 1478 1198 fam.
1493 1139 1577 1198 XIII
1592 1137 1657 1214 56),

323 1245 353 1302 in
374 1262 436 1320 qua
456 1244 544 1303 haec:
566 1239 706 1319 ‘MylasIs
729 1254 759 1302 et
778 1243 946 1303 AlabandIs
967 1244 1124 1321 pecuniam
1147 1242 1255 1303 Cluvio
1277 1243 1395 1301 debent.
1431 1241 1564 1301 Dixerat
1583 1241 1658 1299 mihi

322 1346 532 1422 Euthydemus
561 1363 627 1404 curn
654 1344 769 1420 Ephesi
797 1363 911 1419 essem,
939 1363 972 1404 se
1000 1355 1169 1412 curaturum
1198 1355 1232 1404 ιιι
1259 1345 1351 1405 ecdici
1378 1343 1500 1422 Mylasii
1528 1343 1656 1402 Romam

321 1449 516 1508 mitterentur.
565 1447 602 1506 Id
630 1447 740 1505 factum
769 1465 829 1506 non
859 1453 914 1506 est.
962 1446 1095 1526 Legatos
1124 1448 1214 1507 audio
1242 1447 1353 1507 missos
1381 1464 1465 1518 esse;
1493 1445 1547 1504 sed
1575 1445 1656 1504 malo

321 1551 451 1623 ecdicos,
473 1558 507 1607 ut
527 1549 642 1627 aliquid
663 1549 769 1609 confici
791 1551 899 1627 possit.
939 1546 1041 1623 Quare
1063 1559 1133 1628 peto
1155 1571 1174 1609 a
1194 1559 1234 1621 te,
1256 1557 1291 1608 ιιι
1310 1560 1341 1607 et
1361 1567 1414 1609 eos
1436 1557 1466 1607 et
1487 1547 1657 1607 Alabandis

321 1653 424 1713 iubeas
446 1652 563 1712 ecdicos
577 1651 705 1710 Romam
726 1646 861 1711 mittere.’
897 1650 985 1712 Unde
1007 1653 1098 1711 simul
1119 1651 1304 1731 intellegitur
1325 1651 1396 1729 quid
1418 1650 1558 1710 differant
1579 1652 1657 1710 inter

322 1773 356 1814 se
382 1755 475 1814 ecdici
502 1763 531 1812 et
558 1754 657 1833 legati.
701 1751 786 1832 Nihil
813 1763 911 1813 autem
938 1754 1124 1830 frequentius
1146 1755 1178 1812 in
1199 1755 1296 1813 titulis
1318 1764 1378 1827 est,
1406 1772 1497 1831 quam
1518 1753 1655 1812 homines

322 1857 414 1915 ecdici
441 1856 596 1932 eidemque
618 1855 708 1933 legati
715 1877 723 1928 ;
750 1865 877 1933 utraque
899 1856 976 1916 enirn
998 1875 1046 1916 res
1069 1857 1194 1917 eandem
1216 1857 1401 1916 voluntatem
1422 1855 1655 1932 facultatemque

321 1960 485 2036 flagilabat.
519 1958 566 2020 Cf.
582 1957 616 2018 C.
633 1959 657 2016 I.
675 1957 770 2018 2719:
792 1953 906 2018 πολλὰς
927 1951 1084 2042 πρεσβείας
1104 1949 1153 2016 καὶ
1174 1952 1299 2019 ἐκδικίας
1319 1961 1355 2036 τῇ
1374 1951 1486 2041 πατρίδι
1502 1981 1654 2042 παρεσχη-

321 2053 411 2130 μένου.
458 2058 648 2137 Quapropter
672 2080 733 2120 non
755 2061 864 2118 nimiae
886 2061 1029 2120 audaciae
1051 2061 1222 2134 incusabor,
1248 2061 1331 2139 quod
1352 2080 1391 2120 ex
1415 2061 1653 2120 castulitatis

320 2163 378 2222 hoc
401 2164 501 2239 ipsum
525 2163 703 2222 vocabulum
726 2155 922 2244 [πρεσ]ί3είιιιι
943 2162 1036 2222 effeci.
1082 2161 1223 2222 Genuina
1243 2162 1322 2222 tituli
1344 2164 1441 2222 forma
1461 2182 1522 2222 non
1544 2163 1656 2221 tradita

322 2274 368 2323 est
394 2284 448 2324 nec
475 2283 579 2324 versus
604 2266 648 2324 ita
673 2265 776 2338 divisi,
805 2274 838 2324 ut
864 2265 1007 2324 diviserat
1032 2264 1206 2343 lapidarius.
1255 2263 1461 2342 complurium
1488 2265 1654 2324 litterarum

320 2366 442 2427 lacunas
465 2367 639 2427 manifestas
661 2376 797 2426 tenemus
817 2367 850 2425 in
865 2385 945 2426 vocc.
967 2357 1270 2448 yopvaaqapqpssrmc
1291 2377 1322 2427 et
1343 2357 1499 2445 μεγίλ[αιι
1520 2355 1654 2451 sigegaro

320 2469 432 2546 Finges
454 2471 496 2528 ita
517 2487 621 2528 versus
643 2470 806 2546 dispositos
827 2469 934 2542 fuisse,
957 2477 990 2528 ut
1015 2469 1052 2528 ab
1075 2470 1199 2529 sinistra
1220 2470 1364 2529 dextrave
1385 2477 1470 2546 parte
1491 2469 1587 2528 fracto
1609 2469 1654 2527 la-

320 2571 390 2649 pide
416 2581 447 2631 et
474 2555 562 2656 ff
576 2579 607 2662 et
625 2554 714 2654 ι-ιιῖιῖρ
729 2580 759 2630 et
779 2554 859 2652 aa]
873 2571 990 2631 litterae
1010 2573 1109 2650 perire
1130 2573 1295 2649 potuerint:
1323 2592 1392 2632 nam
1415 2572 1525 2648 singuli
1547 2589 1653 2631 versus

320 2692 380 2733 non
404 2692 480 2752 opus
502 2684 548 2733 est
570 2682 603 2732 ut
623 2674 710 2751 plane
733 2673 856 2732 eandem
880 2675 1008 2751 quisque
1029 2673 1246 2750 longitudinem
1267 2674 1436 2734 habuerint.

404 2775 549 2854 Superest
575 2785 609 2834 ut
634 2774 843 2852 interpolatam
865 2776 895 2834 ni
917 2775 1006 2834 fallor
1028 2777 1152 2836 alteram
1174 2785 1272 2836 utram
1293 2766 1341 2834 aci
1362 2776 1539 2854 particulam
1561 2777 1650 2836 tolla·

320 2898 397 2953 mus,
422 2889 473 2939 aut
494 2897 570 2957 quae
594 2888 662 2937 anta
684 2877 715 2935 ἐκ
736 2879 791 2934 niv
812 2872 888 2935 ἰδίων
910 2887 962 2938 aut
983 2897 1060 2956 quaa
1081 2886 1151 2956 post
1171 2879 1294 2956 legitur;
1315 2879 1367 2938 vix
1389 2880 1468 2938 enim
1481 2879 1655 2956 inscriptio-

320 3001 391 3040 num
419 2981 604 3040 concinnitas
633 2989 692 3039 tam
723 2987 861 3060 argutum
887 2980 1006 3040 dicendi
1033 2999 1129 3058 genos
1156 2982 1270 3058 patitur
1298 2981 1401 3041 inferri
1433 2990 1465 3041 ut
1480 2982 1522 3040 'in
1550 2982 1652 3041 verbis

317 3073 365 3140 nol
387 3080 418 3141 in
439 3084 495 3141 τῶν
515 3078 591 3140 ἰδίων
611 3072 661 3140 καί
682 3072 843 3159 γυμνιίτιιν
864 3082 989 3142 alterum
1010 3075 1058 3140 nal
1080 3104 1135 3162 pro
1158 3084 1344 3161 gradationis
1361 3083 1509 3160 particula
1524 3085 1651 3143 retinea-

318 3203 397 3245 mus.
440 3184 512 3245 Non
538 3185 664 3244 multum
686 3185 791 3256 refert,
813 3194 913 3244 utrum
934 3177 982 3242 καὶ
1005 3185 1122 3259 deleas,
1145 3186 1199 3245 sed
1220 3187 1321 3264 priore
1342 3186 1410 3246 ideo
1430 3185 1548 3246 facilius
1569 3205 1653 3246 care·

318 3287 431 3361 bimus,
458 3288 539 3364 quod
561 3285 592 3344 ἐκ
612 3289 667 3344 τῶν
688 3279 763 3344 ἰδίων
784 3287 876 3346 verba
896 3287 927 3347 in
949 3287 1008 3347 fine
1030 3288 1151 3365 saepius
1173 3306 1262 3365 quam
1284 3289 1316 3347 iu
1337 3289 1484 3366 principio
1506 3289 1652 3356 enuntiati

318 3390 391 3468 poni
412 3389 520 3450 solent.
561 3390 660 3449 Etiam
682 3390 758 3448 haec
778 3388 845 3448 laus
867 3399 915 3449 est
934 3389 1013 3449 haud
1035 3391 1155 3467 exigua,
1178 3390 1272 3450 ecdici
1292 3389 1442 3468 legatique
1464 3389 1562 3450 officia
1582 3411 1650 3468 pro·

316 3492 392 3570 priis
412 3491 559 3570 impensis
580 3492 779 3570 praestitisse.
823 3490 870 3551 Of.
893 3491 966 3552 Keil
987 3488 1065 3570 Syll.
1087 3492 1176 3551 inser.
1197 3492 1304 3553 Boeot.
1326 3511 1356 3570 p.
1375 3491 1443 3552 123.

404 3598 568 3652 ΓΙΜΝΑΝΔ
592 3595 695 3671 paullo
717 3595 877 3653 violentius
900 3596 1053 3671 temptari,
1075 3594 1127 3654 sed
1149 3613 1210 3654 non
1232 3596 1307 3654 citra
1328 3597 1545 3656 necessitatem.
1578 3617 1651 3673 γυμ-

318 3685 393 3753 νιίδα
415 3696 533 3774 dequo
555 3698 624 3773 quIs
646 3698 757 3774 cogitet
777 3696 848 3756 ferri
870 3697 983 3774 nequit.
1019 3696 1243 3776 Lexicographi
1264 3699 1343 3757 enim
1364 3706 1522 3776 poetarum
1537 3696 1653 3774 aliquot

318 3798 403 3882 locos
430 3797 596 3858 indicantes
620 3800 672 3858 ubi
698 3799 778 3859 idem
805 3816 874 3859 esse
900 3799 1106 3877 putantquod
1129 3790 1288 3876 γυμνάσιον
1309 3800 1457 3861 incautius
1480 3807 1586 3880 agunt:
1614 3820 1651 3860 ne

317 3909 424 3979 poetae
452 3902 571 3978 quidem
599 3921 731 3980 unquam
758 3903 816 3961 hoc
843 3902 992 3961 vocabulo
1018 3901 1117 3962 locum
1147 3901 1333 3981 algnificant,
1362 3901 1413 3963 ubi
1434 3912 1589 3964 exerceret
1617 3921 1651 3962 se

318 4003 466 4062 iuventus.

400 4095 674 4189 γυμνα[σι]α’[ρ]κων
700 4115 780 4164 certo
806 4107 940 4178 correxi3
965 4124 1062 4182 neque
1088 4107 1136 4166 hic
1161 4130 1180 4166 κ
1205 4107 1236 4168 in
1257 4131 1286 4188 χ
1311 4116 1428 4168 mutare
1448 4109 1531 4168 volui
1552 4125 1651 4185 neque

318 4226 409 4285 supra
430 4218 482 4266 aut
503 4197 674 4287 a’cpcissapaou
695 4208 860 4268 rescribere
880 4218 934 4266 aut
956 4199 1230 4293 γυμνασιαρκίσαις.
1265 4211 1416 4269 Incertum
1439 4211 1529 4282 enlm,
1550 4218 1651 4288 poste·

316 4309 405 4368 rioris
426 4309 532 4368 aetatis
547 4309 713 4369 Aeolenses
735 4320 882 4386 quatenos
905 4311 995 4370 etiam
1016 4308 1048 4370 in
1068 4312 1116 4370 his
1139 4312 1273 4372 minutIIs
1295 4313 1445 4372 constanti
1466 4330 1651 4388 severasque

316 4410 377 4489 legi
399 4429 431 4470 se
453 4411 634 4471 addixerint
671 4411 785 4472 Eadem
807 4413 844 4472 de
865 4431 957 4473 causa
977 4432 1069 4492 supra
1088 4415 1119 4472 in
1142 4435 1171 4473 n.
1184 4413 1247 4473 VII
1268 4406 1355 4499 ἱερέαν
1376 4424 1407 4474 et
1426 4406 1568 4499 irpapo'pov
1588 4413 1648 4473 for·

316 4531 382 4572 mas
403 4531 464 4572 non
486 4513 656 4573 sollicitavi.
748 4541 751 4546 ·
1636 4529 1639 4536 ’

273 4789 274 4792 ,
315 4725 406 4786 XXI.
442 4726 480 4786 In
500 4725 616 4787 balneis
630 4727 721 4789 Lesbi
737 4729 809 4788 Pau.
846 4729 895 4787 Ad
916 4730 1007 4790 alium
1030 4729 1160 4807 lapidem
1183 4749 1382 4789 marmoreum
1398 4730 1475 4802 Pac,
1496 4729 1548 4790 ubi
1563 4748 1649 4808 prae-

356 4830 437 4889 cedit
463 4829 568 4888 titulos
596 4828 646 4906 (Ο.
666 4831 692 4891 Ι.
716 4831 810 4909 2171)
838 4831 876 4890 ad
902 4833 1011 4892 balnea
1038 4831 1151 4893 Lesbia
1177 4833 1316 4892 inventus
1342 4829 1412 4909 ‘que
1439 4833 1530 4910 vulgo
1560 4850 1649 4909 grece

358 4926 474 5016 θιρμιιιῆ
497 4928 728 5011 nuncupantor’.

886 5028 1025 5124 Ἀρτίμιδι

888 5133 992 5224 &appia
1013 5135 1081 5198 etia-

838 5281 843 5286 -
887 5233 945 5300 ιδίω
966 5235 1054 5304 Δίται
