3524 5828
560 569 636 620 nux
655 567 737 620 con.
758 569 987 622 ouunurvau.
1369 551 1438 621 121

107 740 251 801 Ceterum
279 741 400 801 tabulae
427 742 523 817 prima
549 752 579 802 11
605 743 737 802 secunda
763 743 949 820 quadratarii
974 743 1117 801 incuriam
1140 742 1259 819 quidem
1280 761 1442 820 perpessae

106 854 179 903 sunt
205 845 455 922 inveniunturque
482 842 558 905 adeo
585 845 733 905 formulae
754 846 899 923 quaedam
921 864 974 922 per
995 845 1164 904 universam
1186 845 1282 921 legem
1305 845 1442 904 similiter
1482 895 1488 944 ι

107 955 277 1024 corruptae.
310 948 357 1006 Ita
378 947 537 1006 notissima
558 946 611 1006 illa
632 966 709 1024 quae
730 959 777 1007 est
795 951 934 1025 pecunius
954 951 1020 1024 quei
1039 948 1114 1006 uolet
1128 952 1228 1026 petitio
1250 959 1307 1007 esto
1329 948 1441 1007 omisso
1487 945 1497 1062 'q

109 1069 150 1107 cx
176 1049 299 1126 antiqua
325 1049 540 1109 consuetudine
566 1051 743 1128 pronomine
770 1050 1005 1110 demonstrativo
1015 1048 1043 1126 ¹)
1069 1051 1101 1108 in
1128 1050 1185 1109 hac
1210 1051 1276 1127 lege
1297 1060 1441 1127 perpetuo
1486 1039 1490 1056 ”

108 1153 155 1210 sic
176 1151 299 1210 affertur
319 1156 456 1228 pecuniae
478 1154 524 1211 cui
543 1153 619 1211 uolet
634 1155 733 1230 petitio
756 1164 823 1226 esto,
846 1153 927 1230 quod
948 1152 1056 1212 Latine
1077 1151 1136 1212 dici
1158 1171 1217 1211 non
1240 1160 1348 1230 potest.
1385 1151 1442 1210 Pa·
1502 1227 1504 1236 J
1547 1145 1554 1160 ’

108 1255 184 1313 11111
204 1255 329 1330 antiqua
348 1254 461 1312 locutio
481 1259 507 1313 is
529 1258 596 1314 cuia
616 1274 663 1314 res
685 1265 726 1314 est
747 1255 897 1316 invenitur
918 1263 1059 1332 corrupta
1077 1254 1106 1326 2,
1125 1254 1172 1328 16,
1188 1258 1285 1331 seriae
1299 1254 1442 1313 clericales
1492 1245 1502 1322 1

106 1355 157 1415 bis
181 1354 224 1430 (2,
241 1355 290 1416 23.
307 1355 360 1432 34)
383 1365 514 1416 mutatae
536 1358 567 1416 in
588 1357 731 1416 dedicatos
752 1358 855 1417 nescio
877 1375 968 1435 quas:
991 1366 1022 1416 11
1043 1357 1114 1415 alibi
1136 1375 1265 1434 quoque,
1291 1365 1325 1415 ut
1345 1358 1375 1428 4,
1390 1355 1442 1428 20,
1488 1331 1492 1432 i

109 1458 257 1517 eiusmodi
285 1458 429 1518 formulas
452 1458 616 1518 tralaticias
639 1460 767 1537 scriptor
788 1477 849 1519 non
870 1459 1036 1519 intellectas
1059 1478 1180 1537 pessum
1203 1459 1293 1518 dedit.
1337 1457 1441 1518 Nihilo
1490 1433 1496 1522 1
1594 1479 1595 1488 ’

108 1561 207 1620 minus
232 1561 290 1619 hae
315 1561 435 1620 tabulae
461 1561 538 1620 duae
564 1580 625 1621 non
653 1561 808 1622 subierunt
834 1563 1095 1639 interpolationem
1124 1581 1189 1620 eam
1219 1569 1296 1639 quae
1322 1561 1439 1622 tertiam
1459 1566 1577 1651 Interpo-

109 1663 229 1722 direrso
256 1662 362 1740 opinor
388 1673 522 1742 tempore
549 1675 703 1724 exaratam
735 1665 822 1724 foede
851 1665 991 1740 corrupit
1040 1666 1076 1724 In
1110 1684 1146 1724 ea
1173 1665 1289 1724 scilicet
1316 1663 1440 1740 passim,
1450 1640 1594 1764 affiatu

109 1765 163 1823 ubi
187 1765 341 1824 enuntiata
362 1776 539 1843 separantur
560 1767 724 1826 interiectis
745 1765 1042 1826 determinationibus
1065 1768 1196 1826 sermoni
1216 1767 1350 1844 legitimo
1372 1785 1441 1843 pro·

107 1866 200 1943 priis,
227 1868 319 1926 rerba
346 1885 401 1926 suo
429 1869 497 1928 loco
524 1870 626 1947 posita
657 1870 755 1929 alieno
782 1870 862 1928 male
886 1878 1061 1948 repetuntur
1090 1870 1151 1945 (ita
1178 1869 1211 1942 6,
1233 1869 1282 1928 20.
1311 1869 1340 1941 7,
1363 1869 1390 1926 7.
1414 1869 1442 1927 9.
1480 1933 1484 1962 1

108 1969 139 2038 8,
157 1968 221 2044 35).
264 1968 365 2059 litium
387 1971 509 2049 gravius
531 1980 587 2044 est,
609 1972 689 2048 quod
710 1973 820 2051 legitur
842 1972 871 2046 7,
889 1973 921 2032 61
944 1975 995 2049 qui
1013 1972 1259 2049 prouiac(iorum)
1281 1971 1443 2049 Hispania·
1471 1985 1482 2060 ,j

106 2069 201 2146 r(um)
227 2071 386 2131 ulteriorem
408 2073 547 2133 Baeticae
568 2077 683 2150 praesit
708 2075 853 2144 obtinebit3
879 2093 948 2132 nam
975 2094 1041 2134 cum
1068 2093 1134 2134 eam
1160 2074 1346 2152 provinciam
1368 2072 1443 2133 Cac-

107 2174 190 2231 saris
212 2181 309 2232 aetate
331 2174 481 2234 ulterioris
504 2195 612 2235 nomen
633 2176 766 2254 gessisse
788 2184 906 2235 constet
926 2175 1444 2260 11181111111111111111111111

106 2286 180 2335 ante
201 2276 397 2351 imperatores
413 2276 538 2337 Flavios
560 2277 753 2356 (Marquardt
773 2275 1048 2356 Stuotscmooltunq
1066 2283 1093 2352 1,
1112 2278 1195 2355 105),
1217 2269 1369 2338 evidenter
1390 2261 1451 2355 11)-ΙῚ

106 2359 252 2455 parelio
273 2367 345 2456 ipsa
365 2379 431 2456 lege
453 2367 598 2457 scriptum
619 2380 716 2441 fuisse
741 2384 792 2458 qui
812 2385 1025 2458 prouinciarum
1047 2383 1260 2458 Hispaniarum
1280 2381 1444 2440 ulteriorem

105 2480 258 2551 obtinebit,
280 2481 372 2540 verba
392 2489 493 2554 autem
514 2482 787 2586 Bquffl't
805 2483 843 2543 (11
864 2485 910 2543 sui
932 2484 1075 2561 temporis
1098 2503 1156 2543 usu
1178 2483 1294 2543 adiecta
1315 2500 1382 2542 esse
1404 2483 1443 2541 ab
1488 2521 1495 2561 2

105 2583 334 2658 interpolatore.
378 2581 518 2660 Denique
545 2584 649 2645 eodem
672 2585 788 2644 videtur
814 2586 999 2646 referendum
1027 2604 1109 2660 esse,
1136 2586 1215 2663 quod
1241 2585 1383 2645 iudicium
1405 2585 1443 2644 111

104 2684 244 2760 pecunie
261 2695 344 2744 certa
365 2687 527 2746 commissa
547 2686 578 2746 in
598 2687 711 2747 tabulis

105 2787 227 2845 duabus
252 2788 402 2865 prioribus
431 2789 487 2848 hac
515 2790 612 2849 forma
640 2790 760 2850 effertur
793 2792 823 2850 in
851 2791 939 2850 tertia
960 2809 1031 2849 vero
1058 2790 1169 2868 septies
1192 2790 1236 2849 sic
1257 2801 1304 2850 est
1325 2791 1377 2867 (6,
1394 2790 1442 2850 26.

104 2896 220 2967 quater
241 2891 284 2964 (l,
302 2889 349 2948 17.
368 2888 417 2949 25.
441 2889 470 2964 3,
486 2890 535 2949 21.
559 2893 588 2966 5,
606 2891 674 2968 19):
794 2893 844 2952 15.
869 2893 897 2963 7,
913 2892 962 2953 29.
980 2893 1028 2952 37.
1046 2894 1095 2952 50.
1119 2893 1210 2966 8,13.
1227 2890 1297 2970 21);

151 3011 277 3086 eiusque
291 3010 435 3087 pecuniae
455 3011 501 3071 cui
521 3011 616 3088 [immo
631 3012 694 3090 qui]
711 3030 760 3071 vo·
836 3014 962 3091 eiusque
987 3014 1132 3091 pecuniae
1159 3013 1207 3072 coi
1233 3032 1336 3072 eorum
1363 3016 1444 3074 volet

56 3149 57 3154 κ
150 3112 196 3171 111
217 3113 322 3188 petitio
344 3113 572 3191 persecutioque
595 3125 669 3174 esto.
836 3117 1057 3193 recuperatorio
1086 3116 1198 3176 iudicio
1220 3126 1291 3192 aput
1311 3116 1443 3175 IIvirum

838 3217 1027 3296 [interregem
1046 3221 1100 3276 ins.
1117 3218 1145 3289 7,
1159 3218 1210 3294 50]
1223 3219 1443 3296 praefectumve

837 3320 914 3379 actio
941 3320 1047 3396 petitio
1074 3321 1300 3398 persecutioque
1325 3340 1364 3380 ex
1386 3321 1443 3380 hac

836 3421 904 3500 lege
925 3423 973 3481 ius
996 3431 1190 3500 potestasque
1213 3431 1288 3484 esto.

151 3550 212 3594 uate
230 3545 271 3594 cui
289 3544 338 3593 ins.
358 3543 531 3606 colonlorum)
552 3544 607 3593 eius
622 3544 758 3606 col(onise)
837 3560 927 3595 eornm
946 3561 992 3594 om.
1014 3546 1043 3608 6,
1058 3546 1093 3597 46
1115 3539 1119 3614 l
1145 3559 1194 3611 que
1214 3562 1260 3596 om.
1281 3546 1311 3608 6,
1327 3548 1360 3596 28
1383 3538 1388 3613 l
1410 3561 1442 3596 ex

153 3637 180 3697 3,
195 3638 228 3685 21
252 3631 256 3702 Ι
277 3637 471 3702 persecutioque
490 3653 537 3687 om.
557 3637 583 3698 3,
598 3637 641 3686 21.
837 3653 884 3688 om.
904 3638 929 3700 6,
944 3637 988 3688 43.
1010 3637 1084 3700 8,13
1107 3632 1110 3706 l
1132 3653 1181 3704 que
1201 3655 1247 3689 om.
1269 3641 1293 3701 7,
1308 3639 1352 3690 81.

107 3759 248 3834 Quarum
275 3763 400 3821 duarum
428 3761 622 3820 formularum
644 3761 773 3838 priorem
796 3773 826 3820 11
850 3762 918 3834 lex,
944 3781 1033 3840 quam
1059 3763 1182 3823 huiusce
1204 3764 1291 3841 quasi
1317 3772 1443 3822 matrem

107 3882 180 3922 esse
207 3862 349 3937 uidimus,
376 3864 458 3922 Iulia
485 3863 600 3923 scilicet
626 3866 746 3942 agraria
771 3864 928 3924 confirmat
954 3876 984 3925 et
1010 3883 1108 3925 sermo
1134 3868 1287 3943 ratioque,
1317 3867 1442 3926 alteram

107 3975 211 4022 autem
239 3985 275 4024 ne
296 3964 435 4025 Latinam
462 3967 583 4043 quidem
611 3985 677 4026 1111
700 3966 797 4044 quivis
819 3967 981 4044 intellegit,
1009 3977 1042 4026 ut
1069 3969 1116 4026 hic
1139 3987 1258 4047 quoque
1280 3969 1442 4046 deprehen·

108 4067 198 4126 datur
224 4068 415 4146 interpolatio
442 4069 549 4127 aetatis
576 4069 760 4145 posterioris.
783 4101 823 4111 -
850 4069 1046 4146 ltaqueycum
1071 4070 1125 4128 has
1147 4071 1267 4130 tabulas
1289 4071 1443 4147 aliquanto

108 4177 182 4246 post
203 4167 364 4229 Caesarem
387 4171 561 4229 dictatorem
578 4171 614 4240 in
636 4190 705 4229 1111
726 4171 838 4230 incisas
859 4189 927 4230 esse
950 4179 1075 4243 constet,
1100 4183 1259 4251 postquam
1282 4174 1444 4250 imperator

1 4322 2 4333 2
109 4269 320 4348 Vespasianus
342 4271 509 4350 Hispaniae
536 4273 663 4350 oppida,
690 4293 767 4350 quae
793 4275 914 4350 quidem
941 4273 1039 4332 adhuc
1063 4276 1213 4352 peregrini
1234 4276 1308 4334 iuris
1331 4284 1443 4347 essent,

109 4371 199 4430 Latio
222 4372 353 4441 donavit,
374 4375 514 4434 Baeticae
536 4384 615 4433 certe
637 4376 809 4452 provinciae
830 4378 972 4435 universa
992 4377 1105 4454 oppida
1121 4395 1190 4436 suas
1205 4378 1345 4456 quodque
1358 4377 1443 4455 leges

109 4475 230 4551 publice
257 4495 423 4554 proponere
450 4477 535 4535 iussa
557 4477 695 4536 videntur
719 4497 800 4550 1111,
828 4487 861 4537 ut
881 4479 986 4538 eodem
1008 4491 1141 4555 tempore
1163 4489 1193 4538 et
1212 4481 1295 4558 leges
1318 4479 1443 4538 Flaviae

109 4577 223 4636 incisae
251 4578 312 4636 sint
339 4575 504 4656 Salpensae
533 4589 563 4638 et
591 4579 725 4639 Malacae
752 4591 782 4638 et
808 4581 880 4640 haec
906 4579 1048 4641 Caesaris
1078 4582 1232 4641 dictatoris
1259 4584 1344 4642 iussu
1372 4581 1444 4640 data

108 4680 247 4738 coloniae
268 4677 434 4739 Genetivae
456 4683 503 4740 rel
525 4681 626 4760 potius
648 4683 735 4742 huius
759 4683 879 4742 tabulae
899 4682 997 4761 prima
1019 4684 1220 4762 secundaque.
1256 4683 1335 4745 Nam
1356 4684 1445 4743 tertia

1 5030 3 5037 y
188 4969 212 5032 ¹)
241 4970 350 5023 Sincera
367 4970 452 5022 formu
469 4973 596 5036 reperitur
614 4973 640 5022 in
660 4971 716 5037 lege
736 4971 849 5023 Bentina
867 4989 891 5023 v.
906 4975 932 5036 9,
953 4974 1152 5040 repetundarum
1169 4990 1194 5024 v.
1212 4973 1253 5036 18,
1273 4972 1341 5025 Iulia
1360 4974 1443 5023 muni-

105 5063 185 5128 cipali
205 5077 230 5113 1.
246 5063 289 5114 19.
305 5064 349 5114 97.
367 5062 426 5114 107.
441 5065 503 5114 125.
521 5066 586 5127 141,
606 5065 674 5115 lolia
692 5066 793 5130 agraria
811 5067 865 5115 sire
884 5066 1012 5129 Mamilia,
1033 5067 1104 5117 alibi.
1141 5067 1218 5117 Dixit
1237 5066 1269 5116 de
1288 5081 1320 5117 ea
1337 5065 1445 5130 Madvig

1 5163 10 5226 ,s
102 5170 216 5224 gramm.
235 5157 294 5208 Lat.
314 5155 415 5206 1821.

1197 5247 1214 5308 9
