3510 5820
332 472 381 542 34

330 665 502 725 Armanas

327 1073 493 1132 Basrauvs

331 1278 516 1338 Binnmnvs

924 480 1074 548 unauna

577 665 615 724 P.
637 667 791 743 Apidanos
813 667 848 726 P.
863 671 891 744 s.
913 667 1039 744 Pol(b'o)
1063 666 1190 726 Sabinus
1213 669 1294 726 domo
1311 667 1493 744 Eporcd(io)
1516 667 1665 726 Delminii

658 769 690 828 in
711 768 866 828 Dalmatia
886 768 921 829 Ο.
937 770 963 828 Ι.
978 768 1015 830 L.
1030 769 1079 829 ΙΙΙ
1095 769 1185 828 9711.

577 870 653 930 Tam
677 872 845 947 Apulorum
871 880 900 930 et
920 872 1052 948 Apuliae
1077 871 1184 932 ltaliae
1210 873 1333 932 nomina
1358 881 1431 932 nota
1455 891 1546 949 quam
1568 871 1665 949 Apuli
1707 903 1717 914 -

575 972 690 1034 Daciae
713 975 816 1052 oppidi
838 975 1007 1052 comparari
1029 983 1164 1052 possunt.

574 1075 712 1134 Babiana
726 1077 889 1138 Fortunata
909 1076 1034 1138 Venafri
1051 1075 1076 1134 1.
1093 1074 1132 1134 N.
1148 1075 1230 1135 4464
1252 1076 1470 1153 (Mommseuus
1486 1076 1665 1154 descripsit)

658 1179 689 1236 in
711 1179 797 1238 titulo
819 1179 932 1238 saeculi
954 1178 1072 1238 circiter
1093 1180 1227 1240 secundi.

578 1279 619 1338 M.
635 1279 803 1340 Bactrianus
823 1282 967 1341 iucundus
990 1277 1112 1358 Capuae
1134 1281 1159 1339 Ι.
1174 1281 1214 1341 N.
1231 1281 1311 1342 3568
1332 1282 1363 1341 in
1384 1282 1527 1341 laterculo
1551 1282 1664 1360 magis-

659 1391 773 1443 trorum
794 1384 876 1443 Iovia
898 1382 1000 1442 Liberi
1022 1401 1049 1440 a.
1065 1401 1094 1458 p.
1111 1381 1146 1442 C.
1166 1384 1213 1443 15.

505 1537 506 1540 ,
577 1481 755 1562 Comparari
776 1487 906 1546 fortasse
927 1494 1054 1563 possunt
1074 1483 1201 1562 Ligures
1224 1485 1369 1545 Baebiani
1394 1485 1574 1545 Corneliani.

330 1585 481 1644 Bonauvs

577 1587 710 1648 Bolanus
732 1589 813 1666 apud
834 1587 993 1647 Horatium
1016 1596 1071 1647 sat.
1091 1588 1118 1660 1,
1134 1588 1163 1660 9,
1182 1589 1228 1646 11.

576 1690 694 1750 Bolano
707 1689 744 1748 P.
761 1693 790 1766 s.
805 1691 911 1768 Rufina
931 1690 1046 1750 Romae
1066 1690 1098 1748 in
1119 1691 1209 1768 cippo
1231 1689 1340 1750 litteris
1362 1691 1450 1749 bonis
1470 1707 1547 1749 mus.
1562 1689 1664 1749 Vatic.

655 1793 727 1870 pull.
751 1793 810 1870 lap.
832 1793 891 1852 inc.
907 1793 931 1864 1,
952 1809 1041 1868 quem
1063 1792 1139 1850 vidit
1160 1790 1333 1852 Hennenus.

465 1947 471 1958 ,
576 1893 619 1952 M.
640 1893 776 1954 Bolanus
799 1895 886 1970 M.s.
911 1892 1060 1970 Arricna(i)
1115 1893 1241 1954 arcellus

330 3835 493 3895 Bovrauvs

575 1997 694 2055 Bolano
716 1996 804 2072 M.s.
826 1997 961 2057 Secundo
982 1995 1154 2055 Mediolanii
1176 1993 1211 2056 O.
1230 1996 1256 2055 Ι.
1271 1995 1306 2057 L.
1323 1996 1453 2056 V5849.

576 2097 615 2156 L.
638 2099 769 2158 Bolanus
796 2098 966 2160 Collatinas

576 2199 613 2258 L.
636 2202 769 2261 Bolanus
790 2201 876 2260 Felix

575 2300 723 2379 Bol(aoc)
744 2303 846 2363 Prirrc
870 2303 1090 2363 Ammaedarae
1111 2303 1141 2362 in
1164 2303 1269 2362 Africa
1289 2303 1400 2362 Renier
1420 2306 1606 2378 inscriptions
1629 2303 1665 2360 de

602 2427 604 2432 ·
659 2404 798 2482 l‘Alpe'rie
820 2403 910 2466 3903.
1501 2459 1503 2464 .

578 2505 751 2583 Cognomen
774 2507 880 2567 Bolani
908 2508 937 2566 in
953 2508 1121 2567 Vettiorum
1143 2518 1231 2584 gente
1252 2507 1479 2567 Mediolaniensi
1506 2506 1560 2582 (ut
1579 2506 1663 2565 tituli

576 2610 682 2668 docent
701 2608 736 2669 0.
750 2610 777 2668 Ι.
792 2608 829 2670 L.
845 2608 874 2666 V
890 2609 981 2669 5849.
997 2609 1088 2669 5900.
1106 2609 1196 2668 6118.
1214 2608 1293 2670 6193
1300 2631 1309 2682 ;
1325 2611 1405 2670 5199
1421 2607 1517 2685 5979)
1539 2616 1644 2668 notum
1654 2630 1663 2680 ;

575 2711 695 2770 Vettius
717 2711 852 2770 Bolanus
874 2710 1004 2772 Neronis
1030 2713 1061 2771 in
1083 2711 1241 2771 Britannia
1269 2713 1386 2791 legatus
1414 2731 1433 2770 a
1454 2710 1562 2770 Tacito
1589 2729 1662 2769 ann.

579 2813 626 2885 15,
640 2815 657 2872 3
675 2813 738 2890 (ubi
749 2813 925 2892 Nipperdeii
941 2813 1093 2874 adnotatio
1107 2814 1245 2892 legenda)
1259 2821 1290 2873 et
1301 2812 1397 2874 Statio
1409 2813 1475 2874 silv.
1488 2813 1517 2886 5,
1530 2811 1559 2886 9,
1572 2813 1662 2872 3055.

578 2923 766 2975 memoratur.
810 2913 983 2993 Cognomen
1008 2917 1203 2976 derivandum
1223 2917 1353 2976 fortasse
1374 2935 1411 2974 ex
1433 2923 1521 2996 gente
1544 2915 1664 2973 Bolana

576 3017 805 3077 Mediolaniensi
816 3010 1026 3089 Mommsenus'
1035 3019 1191 3078 adnotavit
1204 3019 1243 3077 ad
1254 3018 1374 3077 titulum
1385 3018 1450 3076 eius
1461 3019 1559 3094 gentis
1570 3018 1662 3076 modo

577 3120 751 3179 indicatum.
787 3120 821 3179 P.
837 3119 978 3180 Lucceius
992 3120 1153 3198 Bolaa(ue)
1175 3121 1207 3180 in
1228 3121 1315 3204 titulo
1337 3120 1479 3179 Africano
1500 3121 1549 3178 dee
1573 3118 1662 3178 oasa

576 3221 686 3280 uenter
707 3225 792 3280 insa.
815 3223 849 3280 a
871 3221 959 3298 cury.
985 3223 1074 3282 1648.
1117 3221 1156 3280 a.
1178 3223 1310 3280 Mindius
1331 3222 1464 3281 coatus
1491 3207 1601 3298 aliquis
1630 3223 1661 3280 in

576 3325 704 3383 nummis
725 3323 826 3382 Patris
846 3325 878 3382 in
899 3324 1016 3384 Achaia
1035 3325 1117 3383 cusis
1139 3332 1328 3384 memoratur.
1369 3323 1474 3382 Potest
1494 3341 1661 3402 cognomen

575 3426 667 3486 luisse
682 3426 771 3486 etiam
787 3427 818 3485 in
832 3426 950 3485 Bolano
965 3426 1086 3486 Horatii
1091 3448 1099 3499 ;
1119 3427 1173 3486 sed
1186 3427 1314 3503 tempori
1327 3425 1422 3503 magis
1437 3427 1575 3486 convenit
1588 3445 1662 3504 gen·

575 3530 625 3588 tile
647 3530 747 3590 solum
768 3529 899 3605 positum
921 3530 951 3588 in
973 3528 1093 3589 homine
1115 3530 1241 3605 plebeio.

577 3631 655 3691 Bola
677 3633 850 3710 Aequorum
872 3630 1014 3710 oppidum
1037 3637 1141 3691 notum
1162 3651 1181 3690 a
1194 3631 1330 3709 Vergilio
1352 3635 1426 3689 Aen.
1443 3630 1472 3703 6,
1487 3631 1546 3694 775
1569 3638 1600 3688 et
1623 3633 1662 3690 ab

576 3734 645 3793 aliis
666 3743 855 3793 memoratur.

579 3837 610 3896 G.
631 3829 781 3896 Boviocua
807 3835 884 3912 C.s.

575 3938 710 3998 Botriana
735 3938 867 3998 Cariaca

521 4078 526 4086 =
575 4041 710 4101 Boviano
730 4041 845 4100 Romae
862 4040 995 4100 Fabrett.
1012 4040 1083 4113 610,
1099 4039 1138 4097 80
1159 4036 1366 4118 ‘fragmentum
1380 4040 1411 4099 in
1426 4039 1499 4098 aede
1514 4035 1570 4100 SS.
1587 4037 1661 4116 Cyri

660 4152 689 4202 et
710 4144 755 4202 Io.
779 4143 829 4202 via
849 4138 1033 4202 Portuensi'.

575 4245 745 4306 Bovianum
775 4249 931 4323 utrumque
959 4245 991 4302 in
1019 4242 1142 4305 Samnio
1171 4244 1277 4316 situm,
1310 4263 1329 4302 a
1357 4245 1434 4304 bore
1462 4243 1560 4322 gentis
1587 4243 1661 4302 olim

576 4348 661 4421 duco,
683 4348 881 4419 atterebant,
905 4347 1030 4418 dictum;
1054 4347 1092 4406 cf.
1109 4347 1314 4406 Mommsenua
1336 4344 1373 4405 de
1395 4346 1530 4405 dialectis
1552 4345 1661 4404 Italiae

576 4449 726 4509 inferioris
747 4471 776 4530 p.
796 4451 903 4511 17355.
997 4499 1002 4516 .

329 4551 549 4610 *Bovrcnauvs
575 4553 749 4613 Boviltaaua
771 4555 801 4612 in
822 4553 990 4630 fragmento
1012 4570 1050 4610 ex
1064 4550 1172 4610 Lucilii
1187 4552 1345 4610 satirarum
1360 4551 1409 4610 Ill
1431 4550 1510 4628 apud
1526 4548 1661 4609 Nonium

659 4654 709 4726 95,
725 4654 762 4714 97
786 4675 825 4715 ex
846 4657 1007 4714 novitianus
1029 4654 1164 4714 codicum
1180 4653 1339 4712 Turnebus
1363 4653 1495 4711 restituit
1516 4651 1560 4727 (r.
1582 4653 1661 4711 Mul-

657 4756 713 4816 leri
733 4757 869 4817 Lucilius
890 4755 1001 4833 p.11).

575 4860 604 4917 A
626 4859 771 4932 Bovillis,
798 4858 878 4919 Latii
904 4859 1015 4936 oppido
1043 4859 1230 4932 suburbano,
1259 4877 1383 4930 nomeu,
1412 4875 1472 4915 non
1493 4875 1660 4935 cognomen
1687 4912 1689 4914 .

575 4961 740 5020 derivatum
763 4979 829 5022 esse
850 4961 1004 5038 probabile
1026 4969 1081 5020 est.

330 5061 544 5125 Caurarauvs
576 5053 720 5141 Carpum
748 5064 779 5122 in
807 5063 868 5122 olla
896 5062 1056 5140 sepulcreti
1084 5063 1190 5123 urbani
1218 5062 1298 5140 apnd
1328 5062 1430 5121 aedem
1459 5059 1490 5122 S.
1521 5059 1659 5121 Caesarii

657 5165 693 5226 C.
709 5166 731 5224 1.
748 5164 785 5223 L.
807 5165 909 5225 1848.
958 5257 959 5262 η
