3540 5828
306 500 374 572 148
733 517 1035 568 nunnamenster
1056 517 1139 567 stou.
1160 518 1189 567 11

300 623 453 632 ——-——
864 620 1013 626 -———

298 703 367 753 vato
395 694 591 752 manumissio
618 699 776 769 patronum
804 691 887 764 lacit,
915 691 958 748 ita
983 691 1013 747 in
1044 690 1108 748 iure
1134 689 1267 765 publico,
1290 690 1451 767 aliquando
1480 691 1552 749 fecit
1577 691 1629 750 de·

297 797 397 855 ductio
420 797 467 854 uel
494 796 523 852 iu
551 795 639 852 tidem
663 796 802 872 receptio.
825 827 862 836 -
891 793 986 851 Aliud
1007 802 1055 852 est
1076 793 1172 850 adhuc
1194 794 1344 868 ignotum,
1372 793 1431 850 iam
1453 812 1525 850 vero
1547 803 1629 870 pate-

296 900 424 969 factum,
452 907 620 958 senatorem
648 898 751 974 populi
773 897 902 955 Romani
928 896 1080 971 filiumque
1103 895 1250 954 senatoris
1270 905 1430 973 patronum
1453 896 1548 955 creari
1569 915 1631 954 uon

297 1003 431 1078 potuisse
453 1021 488 1060 eo
510 1010 643 1078 ternpore
666 1019 725 1075 quo
748 1000 904 1075 imperium
929 999 1076 1058 obtineret
1096 998 1165 1056 inve
1188 998 1341 1073 provincia
1362 1006 1456 1070 esset3
1470 999 1560 1074 „quod
1576 1020 1631 1057 cnr

296 1103 498 1162 introductum
522 1104 569 1175 sit,
592 1102 679 1160 facile
701 1109 835 1180 apparet.
874 1100 1018 1162 Similiter
1033 1102 1188 1178 Augustus
1210 1099 1443 1176 provincialibus
1465 1101 1631 1172 interdixit,

297 1226 333 1265 ne
362 1209 409 1264 cui
438 1206 626 1282 magistratui
655 1213 788 1282 tempore
816 1205 1009 1281 magistratus
1039 1204 1154 1263 intrare
1184 1201 1243 1261 LX
1271 1202 1335 1262 dies
1369 1215 1440 1280 post
1467 1223 1535 1262 eum
1564 1205 1630 1263 fini-

297 1317 359 1367 tum
386 1309 527 1367 honorem
556 1307 751 1382 haberent).
799 1308 979 1365 Patronatus
1007 1315 1105 1364 tamen
1134 1307 1331 1364 iustrumenta
1364 1325 1440 1382 qnae
1464 1289 1633 1384 supersunt

209 1451 210 1456 η
297 1431 334 1470 ne
363 1410 494 1470 melioris
524 1411 643 1487 quidem
672 1411 778 1470 aetatis
808 1429 875 1467 cum
905 1429 942 1468 ee
970 1411 1035 1486 lege
1063 1409 1136 1468 satis
1164 1409 1351 1483 conspirant3
1381 1428 1449 1467 nam
1475 1429 1542 1466 cum
1570 1428 1631 1468 non
1697 1443 1702 1448 -

296 1513 395 1572 desint
416 1514 457 1571 ibi
480 1514 628 1588 equestris
651 1512 763 1572 ordinis
785 1513 903 1590 patroni
924 1532 961 1571 eo
983 1520 1117 1589 tempore
1139 1512 1240 1584 creati,
1262 1529 1323 1587 quo
1346 1513 1375 1569 in
1390 1507 1545 1589 provincia
1565 1512 1632 1570 olfi-

297 1617 343 1674 eio
366 1615 608 1692 iungerentnr1),
638 1625 698 1675 tres
721 1625 799 1673 certe
821 1615 891 1673 item
914 1615 1032 1692 repperi
1054 1614 1189 1674 similiter
1212 1628 1328 1673 creatos
1350 1623 1491 1692 patronos
1514 1614 1632 1672 ordinis

265 1781 269 1788 Χ
298 1719 455 1790 senatorii,
484 1719 598 1777 seilicet
618 1717 654 1776 L.
678 1718 844 1776 Domitium
868 1719 1100 1800 Ahenobarbum
1128 1736 1194 1775 cum
1222 1718 1383 1794 proconsul
1406 1725 1487 1774 esset
1507 1717 1631 1774 Africae

298 1840 323 1877 a.
342 1841 369 1878 u.
385 1841 410 1878 c.
428 1819 487 1878 742
512 1821 554 1896 (v.
576 1843 605 1898 p.
625 1821 680 1878 147
706 1821 775 1879 adn.
793 1820 835 1896 5),
859 1819 896 1893 Q.
920 1821 1026 1878 lulium
1050 1819 1219 1881 Secundum
1243 1839 1310 1878 cum
1333 1819 1449 1898 legatus
1473 1829 1554 1878 esset
1575 1840 1631 1896 pro

297 1931 434 2000 praetore
457 1921 618 1981 Numidiae
642 1933 672 1980 a.
689 1943 718 2000 p.
740 1921 811 1982 Chr.
834 1925 872 1982 55
901 1923 1088 1998 (Wilmanns
1113 1922 1274 1997 112852),
1302 1919 1337 1980 C.
1360 1923 1487 1980 Marium
1510 1921 1631 1980 Puden-

297 2035 356 2084 tem
378 2023 606 2096 Cornelianum,
636 2045 701 2084 cum
729 2025 845 2103 legatus
873 2035 953 2085 esset
974 2027 1101 2102 legionis
1124 2047 1150 2084 a.
1168 2023 1226 2082 222
1256 2023 1367 2097 (Orelli
1388 2023 1473 2099 tou).
1519 2022 1631 2096 Quam-

298 2147 387 2205 quam
415 2127 525 2204 opponi
552 2137 664 2204 potest,
691 2129 717 2186 si
744 2128 911 2207 praesidem
937 2137 1095 2207 patronum
1121 2128 1264 2205 adoptare
1286 2128 1464 2206 generaliter
1484 2127 1631 2198 licuisset,

296 2232 385 2307 longe
407 2231 495 2308 plura
516 2231 580 2290 eins
601 2233 719 2307 generis
742 2232 939 2290 instrumenta
961 2250 1015 2290 nos
1037 2231 1177 2289 habitura
1199 2231 1306 2302 luisse,
1334 2238 1491 2307 potestque
1513 2248 1562 2288 res
1587 2231 1632 2288 sic

298 2333 443 2412 explicari
465 2334 560 2411 legem
584 2354 660 2405 eam,
685 2352 772 2410 quam
799 2333 986 2393 Ursonenses
1009 2334 1185 2404 habuerunt,
1209 2351 1356 2410 peraeque
1378 2333 1553 2406 obtinuisse,
1577 2333 1632 2390 sed

297 2453 354 2493 non
385 2456 453 2494 raro
482 2444 584 2494 contra
613 2456 678 2495 eam
709 2445 850 2514 patronos
882 2437 1042 2514 adoptatos
1071 2454 1137 2494 esse
1166 2445 1218 2495 aut
1249 2443 1421 2512 contemptu
1451 2435 1515 2494 eius
1534 2437 1631 2514 igno·

297 2539 432 2596 rantiave
455 2547 507 2596 aut
528 2540 675 2614 permissu
698 2535 938 2616 imperatoris3).
1152 2541 1154 2548 ’

862 2727 1065 2735 -ι--.

153 2879 290 2942 Magistra·
384 2859 605 2942 Magistratitus
629 2887 717 2944 prove
743 2872 912 2944 arrugistratu
934 2869 1040 2944 populi
1061 2868 1184 2926 Romani
1207 2867 1266 2942 7,]
1295 2867 1342 2924 ius
1370 2867 1457 2926 datur
1482 2868 1512 2924 in
1542 2868 1632 2926 decu-

155 2953 434 3076 ¹¹ffp⁰l³¹¹f¹rionibus
463 2970 549 3028 ludos
580 2971 749 3047 spectandi3
785 2971 873 3028 ctiam
900 2969 981 3046 quod
1010 2970 1145 3045 sequitur
1172 2973 1254 3046 quiue
1283 2973 1342 3027 iuri
1370 2972 1490 3028 dicundo
1515 2981 1634 3047 praeest

193 3041 280 3076 ornam
299 3091 390 3149 supra
416 3093 444 3149 p.
465 3071 521 3130 132
550 3073 653 3130 monui
682 3092 741 3131 non
768 3073 807 3130 ad
833 3073 969 3130 coloniae
995 3071 1189 3149 magistratus
1212 3073 1359 3147 pertinere
1382 3073 1490 3143 videri,
1517 3073 1571 3131 sed
1594 3075 1632 3131 ad

297 3175 413 3250 legatos
435 3175 668 3251 adsessoresque
689 3175 910 3253 proconsulum.
945 3175 1105 3234 Praeterea
1126 3179 1309 3250 nzoqistratus
1329 3184 1510 3251 potestasque
1525 3178 1634 3252 populi

297 3263 420 3336 Bouiani
436 3276 464 3348 2,
481 3276 529 3335 24.
546 3279 586 3336 34
609 3292 876 3336 commemorantur
898 3279 973 3336 inter
995 3295 1112 3348 causas,
1135 3286 1254 3353 propter
1278 3295 1352 3353 quas
1373 3287 1402 3335 et
1416 3277 1513 3336 Ilviro
1528 3285 1557 3335 et
1573 3279 1633 3336 civi

298 3382 387 3439 liceat
413 3380 451 3437 ad
473 3397 596 3438 causam
619 3399 637 3437 a
659 3399 691 3439 se
714 3382 861 3456 agendam
882 3398 941 3440 non
963 3380 1079 3438 adesse.
1125 3379 1248 3438 Senator
1269 3384 1461 3454 senatoresque
1476 3381 1559 3456 filius
1578 3401 1633 3456 po-

294 3484 360 3560 puli
380 3484 505 3540 Rotnani
530 3483 640 3559 quibus
666 3483 893 3541 condicionibus
921 3483 1037 3558 patroni
1065 3483 1198 3564 hospites
1225 3481 1365 3558 adoptari
1382 3483 1513 3559 possint,
1541 3482 1632 3540 modo

298 3585 442 3654 vidimus3
471 3586 541 3642 item
569 3605 597 3661 p.
622 3585 678 3643 132
706 3585 811 3643 iisdem
839 3587 926 3661 eique
951 3585 1002 3661 qui
1032 3593 1152 3642 senator
1178 3585 1267 3642 fuerit
1292 3586 1339 3643 ins
1369 3585 1457 3643 tribui
1483 3585 1571 3643 ludos
1600 3587 1632 3642 in

298 3687 508 3747 decurionibus
530 3687 693 3764 spectandi.
734 3687 816 3746 Idem
840 3689 887 3746 ius
912 3687 974 3756 7‚4
997 3687 1168 3746 conceditur
1186 3691 1331 3763 praey'ecto
1347 3689 1468 3762 sabrate
1488 3691 1548 3745 eiua
1571 3707 1631 3744 ma-

297 3796 435 3868 gistratus
457 3807 549 3866 prove
571 3792 755 3865 magistratu,
782 3793 833 3865 qui
853 3791 1030 3868 Hispaniam
1051 3791 1213 3850 ulteriorem
1234 3789 1379 3860 obtinebit;
1407 3790 1523 3865 dequo
1546 3809 1633 3865 prae·

297 3897 375 3953 fecto
408 3892 555 3968 equestris
590 3891 703 3950 ordinis
733 3894 850 3952 homine
879 3893 946 3952 vide
974 3911 1051 3969 quae
1080 3891 1142 3950 dixi
1173 3891 1353 3951 Staatsraclt
1385 3890 1505 3962 1,102.
1535 3891 1569 3962 2,
1592 3893 1632 3951 92

299 3998 497 4071 dixeruntque
524 4011 600 4070 quos
628 3996 668 4054 ibi
689 3996 788 4054 citavi.
812 4031 849 4040 -
879 3995 926 4054 De
947 3995 1112 4054 honoribus
1135 3993 1170 4053 C.
1194 3992 1319 4054 Caesari
1341 3997 1372 4053 in
1393 3995 1457 4072 lege
1479 3994 1632 4054 attributis

299 4099 453 4159 dictatoris
476 4100 666 4176 imperatoris
689 4098 823 4156 consulis
846 4097 1032 4173 proconsulis
1053 4098 1164 4157 dictum
1188 4106 1236 4156 est
1256 4117 1285 4174 p.
1304 4091 1372 4155 119'.

376 4390 399 4453 ¹)
426 4392 562 4442 Eiusmodi
585 4391 687 4442 decreta
710 4393 738 4441 in
762 4392 886 4440 honorem
911 4391 1097 4456 praefectorum
1121 4391 1223 4440 labrum
1247 4390 1316 4441 facta
1335 4397 1424 4439 extant
1447 4405 1471 4440 a.
1491 4392 1505 4438 ‘l
1527 4406 1552 4454 p.
1569 4389 1633 4442 Chr.

160 4495 163 4500 “
192 4513 193 4516 =
298 4482 405 4544 (Marini
425 4486 489 4535 Arv.
510 4501 535 4548 p.
550 4485 613 4546 783)
634 4492 659 4534 et
677 4499 701 4534 a.
717 4486 750 4533 27
765 4491 790 4534 et
805 4483 837 4534 28
859 4484 919 4545 (vol.
934 4485 967 4545 V,
982 4482 1183 4544 tato-4922).

375 4573 399 4638 ²)
427 4575 481 4626 Dio
495 4577 538 4638 56,
554 4577 597 4627 25.

374 4667 398 4730 ³)
428 4667 559 4730 [Fortasse
579 4669 682 4720 decreta
701 4669 764 4719 haec
784 4685 815 4719 eo
835 4671 891 4734 ipso
912 4676 1026 4734 tempore
1045 4668 1114 4719 facta
1133 4675 1199 4730 suut,
1221 4684 1271 4734 quo
1290 4669 1454 4733 proconsules
1469 4667 1506 4717 illi
1520 4668 1634 4732 legalius

298 4760 412 4810 officium
432 4762 603 4826 deponebant,
624 4770 652 4812 ut
670 4763 799 4812 honorum
819 4778 916 4824 eorum,
937 4777 1002 4827 qrros
1021 4761 1099 4813 modo
1118 4776 1207 4826 gerere
1224 4762 1366 4823 desiissent,
1387 4761 1512 4811 vocabula
1525 4761 1633 4811 abusive

297 4853 330 4902 iis
350 4854 568 4905 continuarentur.
606 4853 736 4919 Hiertam]

1289 4979 1348 5039 Tu.
1372 4979 1544 5038 Monnsan.
