3540 5828
338 480 409 550 100
641 447 644 452 ¹
945 494 1050 546 aossr

335 674 436 732 dotum
451 674 590 731 dextrum
612 673 693 734 latus
715 681 841 748 occupet
861 671 1018 729 columnae
1040 687 1186 728 annorum
1205 668 1317 727 saeculi
1332 669 1420 738 sexti,
1441 669 1591 726 fastorum
1614 687 1673 744 per

333 777 464 852 parietes
487 775 570 834 aedis
593 774 675 833 Iovis
696 774 810 834 latiaris
833 773 1019 845 distributio,
1047 771 1073 830 si
1097 771 1216 848 quando
1239 790 1275 829 ea
1296 771 1383 831 uobis
1406 771 1588 843 innotescet,
1617 770 1671 829 de-

334 877 468 938 clarabit.

418 979 498 1039 Nam
519 981 770 1057 quemadmodum
793 979 972 1058 capitolinos
995 978 1039 1038 sic
1066 984 1096 1036 et
1117 976 1218 1036 albani
1239 975 1348 1036 montis
1370 976 1467 1035 fastos
1489 979 1674 1037 marmoreis

335 1103 394 1142 non
416 1083 529 1143 tabulis
551 1083 606 1142 sed
627 1083 792 1160 lapidibus,
819 1075 928 1159 quibus
956 1087 1129 1141 constructa
1150 1080 1239 1139 aedes
1254 1087 1339 1152 erat,
1365 1087 1483 1138 veteres
1505 1081 1674 1156 inscripse-

334 1193 411 1244 runt.
454 1185 610 1262 Reliquiae
633 1205 728 1261 nuper
750 1192 885 1262 repertae
907 1184 995 1244 valde
1018 1185 1145 1261 exiguae
1167 1193 1252 1254 suut,
1275 1191 1435 1260 emsgnae
1457 1189 1557 1241 tamen
1580 1184 1674 1244 molis

336 1289 420 1347 saxis
442 1287 604 1347 diffractos.
648 1288 708 1346 Illa
729 1307 800 1347 vero
827 1289 973 1347 fastorum
999 1305 1085 1365 pars,
1114 1306 1191 1363 quae
1218 1286 1371 1362 superiore
1392 1285 1513 1344 saeculo
1534 1286 1567 1344 in
1582 1285 1676 1345 Vati-

336 1409 443 1450 canum
466 1391 560 1463 venit,
583 1392 679 1450 incisa
700 1400 764 1449 erat
786 1391 940 1468 quadratis
961 1389 1126 1468 lapidibus,
1148 1407 1275 1465 quorum
1297 1395 1467 1448 accuratam
1490 1388 1674 1448 delineatio-

336 1513 404 1551 nem
433 1511 523 1552 manu
549 1493 671 1553 Marinii
698 1495 761 1554 vidi
793 1495 824 1552 iu
850 1493 951 1552 codice
978 1493 1116 1578 vaticano
1144 1491 1223 1551 9127
1251 1511 1279 1568 p.
1301 1491 1350 1550 30.
1393 1490 1528 1550 Alterius
1557 1491 1677 1570 lapidis

336 1597 411 1655 dnae
433 1596 526 1655 iacies
549 1598 593 1656 sic
614 1607 701 1656 erant
721 1597 898 1675 inscriptae:
1474 1585 1476 1594 ’

341 2927 476 2985 Alterius
509 2943 569 2983 una
599 2931 714 2982 tantum
746 2923 839 2983 facies
871 2944 966 2985 annos
1000 2926 1159 2985 exhibebat
1190 2929 1296 2986 aetatis
1324 2928 1454 2987 incertae
1462 2951 1470 3001 ;
1503 2930 1534 2987 in
1563 2949 1680 2992 aversa

340 3029 417 3088 facie
440 3045 551 3087 corona
573 3026 712 3104 (cornice)
734 3033 799 3086 erat
820 3027 979 3104 insculpta.
1013 3027 1050 3087 Id
1065 3029 1193 3090 tortasse
1208 3031 1317 3090 indicio
1333 3039 1378 3090 est
1392 3031 1488 3090 fastos
1508 3051 1564 3109 per
1581 3045 1678 3094 totam

284 3111 287 3116 ’
340 3133 445 3208 templi
469 3131 565 3190 basim
594 3131 719 3207 eiusque
745 3139 953 3207 procurrentes
978 3141 1064 3190 antas
1093 3132 1185 3191 luisse
1212 3133 1391 3210 dispositos3
1418 3135 1678 3210 quemadmodum

341 3234 428 3294 etde
449 3233 619 3310 capitolinis
641 3232 754 3310 templo
769 3231 930 3292 Castorum
953 3234 1145 3295 restituendis
1159 3234 1339 3313 Rodulphus
1355 3235 1500 3294 Lanciani
1522 3240 1678 3299 coniectu·

340 3357 403 3395 ram
426 3355 521 3414 nuper
538 3337 696 3413 proposuit
718 3353 791 3394 sane
813 3337 1000 3414 probabilem
1023 3337 1118 3413 (Ball.
1135 3338 1202 3396 dell’
1219 3338 1271 3396 Ist.
1291 3337 1365 3396 1871
1385 3357 1414 3414 p.
1431 3337 1515 3415 266).
1551 3339 1614 3401 Sed
1638 3343 1679 3402 de

340 3440 422 3498 Iovis
455 3438 571 3496 latiaris
604 3438 678 3496 aede
703 3437 827 3515 eiusque
861 3439 959 3497 sorma
985 3440 1038 3497 vix
1071 3440 1244 3518 quiequam
1263 3440 1375 3498 scimus
1409 3440 1495 3518 (vide
1522 3443 1684 3518 Piranesi,

342 3541 491 3600 Anticbitd
511 3543 541 3598 di
555 3540 670 3599 Albano
693 3540 753 3599 tab.
768 3540 825 3618 II).
859 3542 895 3599 In
918 3542 1125 3601 barberiniano
1148 3543 1250 3601 codice
1265 3543 1385 3614 XXIX,
1403 3543 1461 3602 215
1485 3544 1680 3623 diagramma

342 3645 403 3702 ridi
424 3652 557 3702 veterum
579 3641 747 3712 rumorum,
776 3661 853 3719 quae
882 3645 913 3702 in
935 3663 1051 3703 summo
1073 3652 1173 3703 moute
1195 3645 1303 3704 albano
1327 3647 1444 3704 saeculo
1465 3646 1558 3704 XVII
1581 3665 1680 3726 supra

343 3754 451 3805 terram
473 3745 652 3804 eminebant.
685 3744 795 3805 Totius
818 3747 932 3823 tempII,
953 3747 984 3806 id
999 3754 1047 3806 est
1067 3765 1154 3806 areae
1169 3756 1367 3820 consecratae,
1391 3757 1527 3826 saeptum
1550 3759 1581 3809 et
1603 3754 1680 3811 sub-

342 3850 534 3908 structionem
557 3847 654 3924 lapido
670 3843 817 3924 quadrato
834 3849 1018 3926 diagramma
1040 3851 1174 3920 exbibet,
1196 3851 1276 3908 intra
1293 3869 1392 3910 aream
1408 3853 1502 3910 cellae
1517 3854 1680 3914 absidatae

343 3951 479 4028 vestIgia.
513 3947 571 4008 Sed
594 3951 733 4026 quoniam
757 3951 857 4027 plures
879 3971 915 4010 eo
929 3950 997 4011 loeo
1019 3952 1112 4010 cellae
1135 3962 1165 4010 et
1185 3952 1321 4012 latericia
1342 3954 1478 4014 aedilicia
1499 3956 1680 4030 extiterunt,

343 4055 379 4112 de
399 4054 469 4130 ipsa
490 4053 561 4111 aede
582 4052 665 4110 Iovis
687 4053 801 4112 latiaris
823 4054 898 4112 nibil
919 4054 987 4112 iude
1009 4054 1161 4114 discimus.

426 4154 515 4215 Nunc
536 4174 595 4231 quo
617 4155 745 4231 primum
767 4162 901 4233 tempore
923 4157 1082 4215 latinarum
1105 4158 1176 4216 fasti
1198 4159 1245 4216 his
1261 4158 1411 4234 lapidibus
1434 4159 1496 4228 siut
1513 4159 1615 4232 incisi,
1639 4163 1681 4220 ad

343 4277 431 4334 quem
453 4277 565 4317 annum
586 4257 760 4330 continuati,
787 4267 880 4318 restat
901 4259 1111 4335 quaerendum.
1150 4260 1282 4330 interna,
1305 4279 1382 4336 quae
1404 4263 1541 4332 dicimus,
1564 4263 1682 4322 indicia

344 4361 469 4419 suadere
496 4361 569 4419 mihi
590 4363 728 4420 videntur
749 4361 946 4439 fragmentum
975 4381 1121 4420 annorum
1145 4361 1308 4420 727-732
1331 4382 1367 4420 eo
1391 4366 1471 4440 ipso,
1500 4365 1587 4423 onius
1616 4386 1682 4424 me·

344 4463 468 4523 moriam
490 4464 598 4536 refert,
628 4472 761 4542 tempore
784 4482 851 4522 esse
873 4474 1038 4523 exaratum.
1082 4464 1161 4524 Nam
1183 4475 1301 4542 praeter
1323 4467 1444 4525 nomina
1465 4467 1626 4524 consulum
1651 4477 1683 4527 et

344 4566 503 4624 latinarum
531 4566 609 4625 diem
636 4567 762 4645 singulis
790 4567 831 4624 ibi
858 4568 944 4625 annis
970 4566 1142 4640 adnotatur,
1171 4579 1268 4627 utrum
1297 4568 1367 4643 imp.
1392 4567 1504 4627 Caesar
1529 4588 1681 4645 praesens

345 4688 437 4727 necue
458 4669 490 4727 in
513 4677 613 4728 moute
635 4669 725 4727 suerit
746 4676 776 4727 et
797 4688 857 4744 qua
879 4669 915 4727 de
937 4687 1030 4729 causa
1051 4670 1191 4729 abfuerit:
1214 4672 1289 4746 Imp.
1309 4668 1419 4729 Caesar
1439 4673 1605 4732 valetudiue
1626 4675 1682 4731 im·

341 4773 456 4846 peditus
471 4775 587 4848 fuit-
601 4775 632 4830 iu
646 4772 796 4847 Hispania
810 4773 927 4847 suit-
942 4776 972 4830 iu
991 4783 1082 4831 monta
1096 4775 1157 4848 suit
1179 4770 1345 4847 (Cardinali
1367 4774 1399 4832 in
1413 4773 1476 4833 Atti
1497 4773 1576 4830 della
1596 4785 1680 4848 pout.

345 4873 442 4931 arcad.
462 4875 492 4932 di
513 4875 594 4934 orob.
618 4874 661 4947 II,
685 4872 771 4948 271).
808 4872 897 4948 Quod
918 4875 943 4933 si
965 4875 1048 4932 dicas
1070 4875 1101 4934 id
1124 4876 1230 4934 horum
1251 4875 1395 4934 fastorum
1418 4875 1484 4954 lege
1505 4876 1571 4934 fieri
1595 4877 1681 4935 omni

344 4983 479 5051 tempore
501 4978 650 5048 debuisse,
677 4975 800 5034 alterins
823 4976 871 5035 vel
893 4977 1050 5055 utriusque
1071 4979 1203 5037 consulIs
1225 4979 1391 5037 absentiam
1413 4977 1445 5036 in
1467 4978 1682 5054 superioribus

345 5095 462 5154 quoque
478 5079 589 5140 tabulis
605 5097 673 5139 esse
688 5079 861 5138 adnotatam
876 5080 967 5139 facile
982 5081 1143 5141 concedam
1160 5081 1293 5156 (tametsi
1308 5081 1381 5140 nibil
1396 5081 1523 5141 eadere
1538 5082 1681 5157 scimus),

345 5181 544 5258 praesentiam
568 5183 746 5262 superstites
769 5183 924 5242 columnae
946 5192 1064 5260 negant.
1109 5183 1155 5242 Ea
1176 5183 1268 5262 igitur
1290 5183 1452 5262 singularis
1479 5201 1604 5259 prorsus
1632 5185 1680 5241 in-
