3540 5828
318 490 388 559 142
747 505 1057 556 Annmaunnrvn
1074 505 1158 556 von.
1178 507 1207 556 11

315 682 466 741 sustinuit.
512 677 590 740 Sane
618 699 671 756 per
697 697 731 739 se
756 679 863 738 mirum
890 685 939 738 est
959 678 1090 737 IIvirum
1117 677 1208 736 sImal
1236 685 1265 736 et
1287 645 1436 754 praimrIs
1458 687 1489 735 et
1509 677 1647 753 petitoris

315 784 414 842 officio
436 782 535 860 fungi3
559 781 675 840 sedita
697 782 728 840 in
749 781 815 860 lege
837 788 955 840 cautum
977 789 1033 854 est,
1055 788 1275 856 excusaturque
1297 799 1334 838 ea
1354 780 1457 839 iudicii
1474 779 1647 846 constitutio

314 884 535 962 quodammodo
558 902 604 955 eo,
626 883 708 960 quod
730 903 797 943 cnm
819 883 1013 963 magistratus
1028 883 1079 960 qui
1094 883 1178 961 petit,
1201 901 1260 961 quo
1275 891 1410 958 tempore
1424 881 1461 940 de
1475 902 1511 942 ea
1525 902 1557 940 re
1572 883 1648 941 iudi-

315 988 393 1047 cium
420 987 485 1046 fieri
506 993 636 1063 oportet,
665 985 730 1044 sine
751 987 832 1044 iusta
852 1003 945 1045 causa
966 1005 1027 1044 non
1048 984 1148 1058 adest,
1176 1004 1212 1044 eo
1235 985 1357 1044 absente
1378 984 1519 1044 iudicium
1541 985 1647 1044 nihilo·

315 1090 415 1150 minua
429 1083 630 1167 perficitnr¹);
653 1089 727 1147 satis
746 1089 823 1148 enim
839 1087 909 1147 iude
923 1088 1106 1165 intellegitur
1120 1087 1249 1146 IIvirum
1265 1088 1384 1147 nomine
1398 1089 1495 1166 magis
1510 1107 1602 1164 qaam
1616 1108 1648 1148 re

316 1193 427 1251 actoris
448 1191 582 1268 partibus
602 1190 735 1248 functum
759 1208 835 1250 esse.
878 1188 958 1249 Nam
980 1191 1115 1268 privatus
1138 1191 1164 1249 si
1187 1189 1324 1249 similiter
1345 1191 1445 1264 abest,
1468 1209 1528 1249 uon
1551 1191 1648 1250 solum

317 1295 460 1354 iudicium
487 1292 627 1366 solvitur,
655 1292 708 1352 sed
735 1293 825 1352 etiam
853 1299 934 1352 actor
956 1292 993 1352 sb
1015 1294 1072 1351 hoc
1093 1310 1201 1370 genere
1222 1292 1397 1352 iudiciorum
1419 1293 1450 1351 in
1471 1300 1648 1372 perpetuum

320 1405 446 1456 arcetur.

185 1517 300 1566 Exeusa
400 1497 620 1558 Excusationes
636 1497 769 1557 absentis
783 1498 921 1576 petiloris
936 1505 1146 1556 enumerantur
1161 1507 1290 1574 septem:
1317 1498 1347 1573 1)
1371 1498 1490 1557 morbus
1505 1501 1649 1571 sonticus,

202 1591 285 1674 iim?
319 1601 352 1680 2)
376 1600 591 1673 vadimonium,
620 1600 652 1676 3)
674 1599 832 1673 iudicium,
862 1599 896 1676 4)
919 1599 1112 1671 sacrificium,
1144 1600 1176 1675 5)
1198 1600 1289 1660 funus
1310 1599 1472 1672 familiare,
1501 1601 1534 1677 6)
1557 1601 1651 1660 leriae

197 1671 291 1713 aeruna
320 1704 485 1776 denicales,
509 1703 543 1778 7)
564 1702 756 1778 magistratus
777 1711 949 1778 potestasre
971 1702 1075 1779 populi
1094 1702 1235 1762 Romani.
1278 1702 1393 1762 Harum
1416 1723 1577 1783 causarum
1596 1721 1652 1762 sex

318 1807 433 1885 primae
457 1805 594 1865 ridentur
615 1805 766 1882 proticisci
788 1824 827 1863 ex
848 1805 925 1883 ipsis
946 1805 1010 1863 XII
1032 1805 1155 1878 tabulis,
1183 1806 1233 1864 ubi
1255 1806 1298 1864 sic
1320 1807 1520 1883 perscriptum
1541 1806 1599 1864 fuit
1620 1806 1652 1864 in

318 1907 466 1970 secundae
485 1907 607 1967 tabulae
628 1906 760 1966 secunda
779 1907 859 1984 lege:
882 1908 995 1966 morbos
1017 1910 1142 1966 sonticas
1164 1919 1215 1967 avt
1234 1917 1327 1967 statae
1349 1909 1409 1966 dies
1431 1927 1492 1967 carn
1514 1909 1592 1966 leste

320 2009 487 2090 qntd[qoid]
510 2011 611 2068 doram
625 2011 794 2085 suttonam
814 2011 904 2068 indici
925 2010 1066 2069 arbitrove
1085 2028 1166 2068 reove
1185 2030 1216 2069 eo
1236 2012 1291 2081 die,
1314 2010 1399 2086 [dies]
1419 2011 1531 2088 diffisus
1548 2009 1652 2087 esto²).
1727 2049 1729 2052 -

319 2111 453 2174 Indidem
481 2113 593 2172 dudum
620 2112 803 2172 intellectum
829 2120 875 2170 est
899 2112 1029 2188 pendere
1057 2130 1178 2185 causas,
1207 2122 1330 2189 propter
1354 2130 1430 2190 quas
1456 2112 1544 2171 militi
1572 2113 1652 2172 iacto

320 2216 358 2276 ad
384 2215 462 2274 diem
489 2235 550 2274 nou
576 2215 684 2274 adesse
710 2223 790 2274 recte
816 2213 940 2287 licebat,
970 2215 1014 2274 sio
1040 2215 1150 2274 relatas
1178 2215 1255 2292 apud
1282 2213 1428 2275 Gellium:
1450 2217 1544 2289 sanas
1563 2218 1642 2290 sarni

321 2321 408 2390 liare,
430 2321 559 2395 feriaeve
586 2317 731 2377 denicales
756 2335 829 2394 qaae
854 2335 912 2375 non
938 2319 998 2376 eins
1025 2321 1068 2376 rei
1094 2336 1182 2376 eausa
1208 2321 1239 2374 in
1265 2336 1325 2375 sam
1345 2319 1419 2376 diem
1440 2317 1562 2376 collatae
1587 2321 1653 2388 sint,

320 2439 375 2498 qao
397 2424 423 2478 is
446 2439 477 2478 eo
500 2423 659 2479 dioninse
681 2421 720 2479 ibi
742 2429 826 2492 esset,
848 2419 961 2477 mordas
984 2423 1124 2491 sonticas,
1146 2423 1338 2496 cornetanae
1359 2422 1437 2498 qaod
1456 2423 1517 2478 sine
1535 2421 1654 2496 piaculo

316 2525 478 2601 praeterire
502 2541 558 2580 non
584 2523 683 2595 liceat,
711 2523 915 2599 sacrificiumve
936 2525 1178 2594 annivesariam,
1205 2523 1283 2599 qaod
1302 2533 1374 2582 recte
1389 2525 1456 2600 fieri
1475 2541 1533 2582 nvn
1552 2526 1655 2599 possit,

320 2629 379 2685 nisi
404 2629 485 2702 spana
507 2643 538 2684 eo
561 2627 606 2683 dis
628 2625 669 2684 ibi
689 2629 739 2698 sit,
767 2629 811 2683 vis
833 2625 971 2697 testesve,
999 2633 1089 2683 statas
1111 2627 1289 2684 condictusve
1311 2628 1371 2684 dies
1392 2643 1453 2682 nrm
1474 2619 1561 2686 leste.
1605 2625 1654 2684 Ad

322 2728 444 2806 singula
465 2727 547 2803 quod
568 2727 691 2798 attinet,
719 2727 756 2786 de
777 2727 881 2786 morbo
902 2727 1020 2786 sontico
1043 2727 1231 2804 exploratum
1254 2737 1309 2786 cst.
1352 2727 1563 2786 Vadimonium
1586 2745 1655 2786 con·

321 2830 452 2888 iunctum
481 2837 528 2888 est
554 2847 621 2888 cum
648 2847 683 2887 eo
706 2830 757 2906 qui
779 2830 810 2887 iu
831 2828 896 2887 XII
918 2830 1030 2888 tabulis
1053 2839 1082 2888 et
1103 2830 1270 2890 iuramento
1293 2830 1414 2889 militari
1436 2831 1558 2908 ponitur
1580 2839 1655 2888 stato
1746 2847 1748 2852 ·

323 2934 368 2991 die
390 2950 451 2990 earn
472 2931 561 3003 boste3
589 2950 658 2989 nam
681 2938 777 2990 status
799 2930 864 2990 dies
887 2949 954 2990 cum
976 2932 1077 3004 hoste,
1104 2931 1224 3009 siquid
1247 2932 1348 3004 video,
1370 2933 1480 3016 ipsum
1498 2940 1546 2992 εει
1573 2934 1655 2992 vadi·

322 3034 456 3093 monium
485 3033 595 3092 factum
625 3052 691 3092 cum
719 3034 887 3112 peregrino.
936 3034 1084 3094 Indicium
1115 3054 1134 3092 a
1161 3036 1329 3094 iuramento
1357 3036 1442 3094 abest
1470 3036 1534 3095 sine
1562 3035 1655 3095 dubio

322 3145 482 3215 propterea
509 3135 589 3212 quod
615 3153 651 3195 eo
681 3135 800 3195 nomine
828 3136 913 3195 miles
942 3138 1023 3212 apud
1050 3138 1174 3197 iudicem
1202 3147 1378 3209 excusatur,
1407 3156 1467 3197 non
1495 3147 1657 3197 excusatur

282 3297 284 3308 ,
322 3239 402 3317 apud
424 3239 538 3298 ducem.
576 3236 774 3308 Sacrificium,
796 3237 885 3298 funus
904 3238 1061 3313 familiare,
1084 3240 1177 3300 feriae
1199 3240 1349 3300 denicalcs
1371 3241 1497 3299 redeunt
1517 3241 1548 3299 in
1568 3240 1657 3298 iuris-

322 3341 442 3400 iurandi
467 3341 605 3400 formula
651 3338 787 3418 Septima
811 3349 909 3400 autem
936 3344 1093 3401 excusatio
1119 3343 1241 3420 propria
1267 3351 1313 3401 est
1339 3342 1448 3401 iudicio
1471 3342 1656 3419 municipali,

322 3450 355 3503 ut
377 3443 493 3502 scilicet
513 3442 692 3518 quicumque
713 3451 836 3521 propter
857 3444 1064 3523 magistratum
1087 3444 1237 3521 publicum
1260 3444 1363 3521 populi
1380 3443 1506 3503 Romani
1526 3444 1557 3502 id
1572 3445 1657 3504 obire

323 3546 435 3621 nequit,
459 3545 581 3621 perinde
603 3553 772 3604 excusetur.
795 3578 837 3591 -
863 3545 1003 3624 Denique
1024 3566 1084 3606 non
1106 3547 1300 3606 omittendum
1322 3557 1369 3606 est
1390 3546 1426 3604 de
1448 3547 1495 3605 his
1516 3547 1656 3624 petitoris

324 3647 578 3720 excusationibus,
603 3658 683 3706 certe
705 3649 755 3707 ubi
777 3649 886 3726 petitor
906 3649 1041 3726 privatus
1065 3658 1120 3721 est,
1142 3668 1202 3708 non
1224 3658 1448 3727 recuperatores
1464 3666 1658 3728 cognoscere,

325 3749 379 3808 sed
400 3750 616 3827 magistratum,
640 3751 720 3826 apud
742 3769 830 3827 quem
854 3769 889 3808 ea
909 3768 958 3811 res
981 3751 1078 3828 agitur
1100 3750 1142 3827 (2,
1158 3751 1221 3829 30).

191 3865 308 3916 'restium
408 3851 476 3910 Duo
491 3871 606 3928 penora,
629 3851 870 3928 Quintilianus³)
886 3852 937 3924 ait,
960 3865 1024 3912 svnt
1038 3857 1159 3925 testium,
1181 3865 1233 3914 avt
1245 3855 1470 3914 voluntariorum
1486 3865 1537 3915 aas
1552 3874 1657 3929 eorum,

201 3941 298 4063 ᾱὲἓζῖ·
326 3954 429 4030 qvibvs
455 3958 486 4012 in
512 3955 626 4014 indiciis
653 3955 777 4031 publicis
804 3955 863 4032 laps
889 3957 1053 4015 &nuntiari
1077 3957 1163 4028 solet,·
1188 3975 1309 4033 qaorum
1330 3959 1421 4017 altero
1440 3978 1514 4035 pars
1536 3969 1660 4037 atraque

403 4279 426 4343 ¹)
454 4283 523 4333 Nam
547 4284 752 4349 supplementum
777 4285 846 4349 qaod
872 4285 997 4350 adscripsi
1020 4285 1054 4336 ad
1075 4288 1104 4349 2,
1120 4289 1168 4350 21,
1195 4293 1345 4352 argumento
1365 4289 1532 4338 econtrario
1552 4290 1658 4338 omnino
1765 4329 1768 4334 .

326 4375 472 4440 requiritur.
511 4375 596 4426 IIviro
621 4375 726 4426 absente
750 4391 782 4426 ex
809 4379 875 4427 iusta
898 4392 976 4428 causa
999 4393 1056 4428 cnm
1078 4395 1119 4430 res
1143 4381 1245 4444 integra
1267 4381 1294 4430 in
1318 4381 1396 4430 aliam
1416 4380 1485 4430 diem
1503 4388 1658 4444 reservetur,

328 4467 371 4516 ubi
391 4467 464 4517 abest
482 4482 515 4517 ex
535 4482 612 4517 causa
630 4483 682 4518 non
702 4469 776 4530 iusta,
796 4483 837 4519 res
857 4469 961 4520 absente
981 4485 1011 4521 eo
1031 4479 1133 4536 peracta
1147 4473 1179 4522 sit
1194 4487 1297 4523 necesse
1311 4480 1356 4522 est.
1386 4472 1471 4542 ¹Causa
1484 4474 1553 4524 enim
1567 4474 1659 4524 cadere

327 4575 384 4609 enm
403 4575 456 4609 non
476 4567 514 4609 est
532 4559 680 4624 probabile;
700 4576 760 4611 nam
778 4555 830 4612 hoo
848 4563 932 4626 posito
952 4563 1018 4614 nihil
1037 4565 1172 4616 interesset
1190 4566 1257 4614 inter
1274 4565 1451 4629 magistratum
1469 4567 1657 4632 privatamque,

327 4667 391 4717 quos
415 4660 503 4702 tamen
521 4653 563 4701 lex
584 4661 701 4702 accurate
720 4653 861 4718 distinguit.
899 4655 1019 4720 Denique
1038 4656 1093 4706 iure
1113 4658 1243 4707 communi
1262 4657 1435 4707 eamindicio
1456 4660 1596 4709 constituto
1614 4673 1658 4724 pe-

326 4745 387 4793 titor
414 4743 499 4806 abest,
524 4745 546 4793 is
571 4751 657 4795 autem
682 4761 792 4810 quocum
817 4747 901 4812 agitur
925 4747 1011 4809 adest,
1038 4749 1163 4800 iudicium
1181 4750 1312 4814 perficitur
1335 4748 1410 4816 (Dig.
1429 4751 1480 4813 40,
1501 4753 1548 4814 12,
1568 4754 1612 4814 27,
1633 4755 1658 4803 I.

326 4836 371 4898 42,
387 4837 412 4898 2,
428 4836 454 4898 6,
470 4836 494 4886 3.
514 4836 559 4898 49,
575 4839 600 4898 I,
616 4837 649 4886 28
663 4853 702 4902 pr.
741 4838 830 4888 Keller
851 4836 1019 4906 Civilproress
1036 4858 1062 4907 p.
1077 4843 1149 4904 297).

402 4925 427 4989 ²)
454 4927 560 4981 Schoell
584 4929 639 4980 XH
658 4930 727 4980 labb.
752 4947 776 4995 p.
793 4933 853 4981 120.
891 4932 997 4982 Reiecta
1018 4933 1118 4984 Cuiacii
1142 4934 1321 4984 emendations
1346 4935 1432 4984 vitiam
1458 4951 1505 5001 pro
1531 4951 1563 4986 eo
1589 4937 1658 5002 quod

326 5026 364 5070 est
386 5035 461 5069 anam
485 5021 590 5071 omnino
614 5037 736 5086 perversa
760 5023 831 5084 (uam
855 5026 988 5075 excusatio
1012 5042 1064 5076 uon
1090 5033 1128 5076 est
1153 5026 1254 5088 vitium)
1279 5025 1341 5094 qaid
1365 5027 1495 5092 geminari
1519 5035 1544 5078 et
1563 5029 1656 5079 admisi

326 5111 523 5178 unumquidqaid
540 5113 693 5166 vocabulum
712 5117 903 5169 Lucretianum.
940 5119 1079 5170 Praeterea
1097 5117 1187 5169 addidi
1206 5117 1270 5169 dies.

403 5201 427 5268 ³)
456 5205 515 5256 inst.
530 5203 556 5268 5,
572 5205 596 5270 7,
612 5207 637 5260 9.
