3540 5828
331 464 403 536 186
450 573 452 578 ι
900 480 1080 534 consens:

332 654 389 715 ¹26.
432 653 552 715 Tabula
573 673 740 715 marmorea
765 654 861 714 fracta
886 655 995 713 litteris
1020 653 1138 714 Latinis
1160 658 1306 732 iuscripta
1327 654 1479 714 deficiente
1507 659 1667 733 superiore

266 761 277 787 ⁸
372 757 436 816 eius
456 767 556 834 panto,
589 757 711 818 iuventa
741 760 772 816 in
802 775 875 836 agro
901 756 1052 816 Frentano
1081 776 1100 816 a
1127 756 1268 817 Vinum,
1290 757 1417 817 Riucldo
1445 775 1539 836 prope
1568 757 1666 818 Casa-

371 859 501 931 colenda,
523 871 587 920 tum
609 860 689 938 apud
711 858 812 920 Amor.
837 859 964 932 Carula,
986 878 1064 918 nune
1090 863 1120 918 in
1142 879 1246 950 museo
1268 858 1491 962 Neapolitanos

562 997 768 1114 urus>

391 1163 490 1226 IACE
513 1164 750 1225 AMANAFED
772 1163 832 1261 ESl
847 1163 929 1242 [dum
1235 1166 1284 1224 hic
1304 1166 1438 1242 perfecit,
1460 1167 1536 1226 idem

551 1303 772 1366 PROFATED
1308 1305 1455 1383 probavit

415 1478 509 1539 Tituli
540 1482 745 1559 apographum
771 1478 915 1540 11111111Ί
942 1475 1092 1551 Schoene‚
1124 1498 1163 1538 ex
1190 1497 1251 1557 quo
1277 1491 1418 1557 apparet,
1445 1482 1509 1540 eius
1531 1480 1666 1558 primum

331 1599 451 1641 versum
472 1582 567 1641 fracto
588 1582 687 1659 lapide
708 1583 752 1642 ita
769 1584 937 1642 mutilatum
959 1601 994 1640 ac
1013 1600 1108 1658 paene
1123 1583 1252 1641 deletum
1268 1601 1344 1656 esee,
1366 1595 1399 1641 ut
1412 1593 1526 1642 tantum
1541 1583 1667 1642 infimae

331 1683 497 1763 particulae
518 1685 608 1743 trium
629 1685 679 1744 vel
700 1694 842 1762 quattuor
861 1685 1025 1744 litterarum
1047 1695 1167 1756 restent,
1190 1704 1315 1763 quarum
1338 1685 1421 1744 nulls
1442 1685 1540 1764 qualis
1562 1686 1667 1758 fucrit,

331 1806 387 1865 pro
409 1799 489 1846 certo
512 1787 655 1846 affirmari
676 1797 783 1866 potest.
827 1787 867 1846 Et
889 1791 933 1846 sic
954 1805 1009 1864 ego
1030 1787 1096 1863 ipse
1119 1787 1179 1846 vidi
1193 1787 1325 1848 tabulam
1349 1788 1386 1847 ad
1402 1789 1545 1865 parietem
1566 1787 1665 1847 musei

330 1888 523 1968 Neapolitani
553 1890 698 1974 adfixam,
735 1891 836 1968 ibique
864 1890 977 1950 frustra
1008 1909 1046 1948 ex
1082 1889 1227 1968 relliquiis
1258 1890 1346 1968 primi
1379 1908 1484 1950 verens
1516 1891 1667 1950 vocabulo

333 1990 416 2051 Osca
442 1992 599 2068 restituere
632 2003 756 2052 conatus
791 2011 867 2052 sum.
921 1990 1054 2051 Titulum
1089 1989 1234 2052 Garmcoi
1268 1993 1397 2071 primum
1425 1993 1592 2070 publicavit
1625 2012 1666 2053 ex

333 2095 509 2175 apographo
546 2095 583 2154 A.
618 2093 754 2156 Curabae
790 2095 870 2154 hunc
901 2095 933 2153 in
966 2094 1095 2166 modum,
1154 2095 1275 2155 Memor.
1307 2095 1407 2154 Erool.
1441 2096 1551 2155 d’arelt.
1594 2095 1667 2169 VII,

333 2197 468 2276 Append.
486 2217 520 2274 p.
542 2197 596 2256 26:
633 2199 673 2256 N.
696 2196 786 2256 Bairs'
807 2198 847 2256 N.
870 2217 906 2256 m.
930 2208 948 2256 t.
971 2216 994 2256 s.
1018 2208 1036 2256 t.
1059 2215 1143 2256 oram
1161 2195 1166 2276 Ι
1184 2201 1246 2257 loce
1267 2199 1423 2272 amauased
1443 2201 1552 2258 cnidum
1570 2195 1575 2274 Ι
1591 2218 1668 2276 pru·

326 2301 420 2376 sared.
474 2299 511 2358 In
537 2299 641 2358 eodem
672 2307 757 2359 textu
790 2304 934 2378 scriptum
966 2299 1057 2359 habet
1084 2303 1222 2377 prosoted
1257 2299 1395 2360 Guariui.
1452 2301 1529 2360 [ιη’
1549 2319 1667 2377 napum,

334 2403 454 2462 Mansio
484 2402 571 2475 VIII,
593 2401 860 2478 Napoli1851,p.
882 2401 916 2474 9,
947 2421 986 2461 ex
1008 2403 1092 2462 ouius
1115 2402 1205 2474 libro,
1234 2422 1321 2479 quem
1342 2403 1409 2480 ipse
1430 2402 1581 2479 inspicere
1605 2421 1668 2462 non

336 2504 431 2584 potui,
467 2500 504 2564 G.
533 2504 570 2564 de
594 2504 687 2562 Petra
713 2504 787 2564 haec
808 2493 882 2564 mihi
903 2507 995 2566 verba
1015 2505 1171 2582 rescripsit
1203 2505 1240 2564 de
1266 2506 1325 2565 hoc
1346 2506 1432 2565 titulo
1455 2506 1543 2579 dicta,
1572 2525 1608 2583 p.
1632 2505 1670 2564 9:

334 2607 392 2681 „In
417 2606 527 2684 oppido
557 2607 770 2666 Caeacoleudoe
799 2625 893 2684 prope
920 2606 1066 2666 Larinum
1094 2608 1300 2667 Frentanorum
1328 2609 1365 2666 ab
1391 2629 1438 2668 an.
1461 2627 1558 2687 usqne
1582 2609 1666 2667 1844

335 2709 492 2782 detectum,
515 2708 647 2787 mihique
668 2710 813 2770 hacteuus
841 2728 956 2770 summo
984 2710 1084 2770 studio
1111 2710 1299 2770 occultatum.
1344 2707 1438 2771 Suum
1464 2711 1571 2770 deinde
1593 2710 1671 2770 lecit

335 2812 504 2872 Ambraciae
538 2811 653 2870 Carula
684 2831 732 2876 an·
758 2811 848 2884 1847,
880 2813 1003 2890 eiusque
1025 2811 1210 2889 exemplaria
1243 2814 1329 2872 vena
1354 2820 1417 2872 tum
1443 2813 1571 2873 Romam
1598 2832 1669 2872 cum

335 2914 498 2992 Neapolim
518 2915 727 2974 transmissa“
769 2915 844 2974 Inde
865 2915 1056 2993 intellegitur,
1078 2916 1167 2974 etiam
1188 2915 1267 2974 huno
1289 2915 1383 2975 virum
1406 2915 1525 2976 doctum
1547 2915 1672 2974 nonnisi

336 3036 375 3076 ex
396 3016 572 3096 apographo
594 3014 730 3077 Carabae
750 3017 870 3076 novisse
892 3019 1021 3077 titulum.
1064 3017 1339 3084 PosteaGarrucoi
1361 3019 1399 3077 ab
1422 3018 1524 3078 eodem
1547 3031 1672 3078 auctore

336 3119 412 3179 alies
432 3119 577 3179 lectiones
599 3119 723 3197 protulit
743 3131 833 3196 utque
856 3127 953 3179 antea.
996 3121 1078 3179 Bull.
1102 3121 1181 3181 arel.
1201 3120 1280 3196 Nop.
1303 3141 1348 3180 nu.
1371 3139 1396 3180 c.
1417 3122 1445 3193 I,
1464 3141 1495 3198 p.
1513 3121 1564 3192 83,
1585 3123 1674 3180 os.1.·

335 3221 379 3282 Ni
399 3221 488 3281 Batus
509 3221 561 3294 H,
582 3241 624 3280 ua.
646 3223 681 3282 3.-
709 3223 864 3300 prosctcd3
894 3224 963 3282 inde
985 3224 1110 3296 Hersen,
1144 3223 1539 3296 Butl.d.1nu.a.1852‚
1564 3242 1596 3300 p.
1622 3223 1672 3295 91,

335 3325 388 3384 ubi
417 3325 528 3401 legitur
559 3342 600 3382 ve.
626 3323 662 3382 2.·
695 3324 780 3398 kare,
806 3326 937 3385 Fabretti
970 3326 1111 3386 0.Ι.11.
1134 3345 1163 3384 11.
1186 3327 1270 3386 2871.
1313 3326 1449 3400 Eudmie,
1484 3326 1518 3385 F.
1541 3327 1570 3383 d.
1596 3325 1670 3385 Oelc.

337 3428 406 3504 Spr.
428 3447 455 3485 u.
477 3425 603 3485 XXIX.
647 3425 812 3504 Postquam
835 3428 912 3506 lapis
934 3447 1013 3486 anno
1038 3427 1116 3488 1862
1139 3447 1157 3486 a
1179 3425 1298 3487 Oaraba
1320 3429 1456 3489 venditus
1476 3429 1508 3487 in
1530 3447 1672 3488 muscum

336 3528 572 3613 Neapolitanum
593 3528 697 3589 illatus
720 3541 775 3602 est,
797 3550 885 3590 nemo
906 3531 983 3590 vidit
1002 3532 1135 3609 integras
1150 3531 1239 3606 primi
1261 3549 1367 3590 versus
1382 3531 1507 3604 litteras,
1529 3547 1608 3607 quas
1632 3549 1671 3589 ex

339 3631 423 3692 illius
445 3631 621 3711 apographo
642 3631 768 3708 protulit
783 3631 938 3706 Gnrrneci,
961 3633 1013 3692 scd
1035 3633 1163 3711 primum
1180 3631 1313 3693 Sohoeue
1335 3633 1409 3692 nihil
1431 3633 1488 3692 nisi
1509 3631 1672 3709 relliquias

338 3733 403 3794 eius
436 3753 531 3811 paene
562 3733 706 3793 evanidas
734 3735 879 3812 repperit,
912 3745 974 3794 tum
1001 3735 1119 3794 demum
1148 3735 1273 3794 Fiorelli
1304 3754 1343 3794 ex
1371 3736 1414 3795 eis
1450 3735 1672 3794 restituendum

336 3837 455 3916 putavit
474 3836 588 3894 litteras
611 3846 752 3913 quattuor
772 3841 804 3895 m‘
820 3882 826 3895 .
844 3839 900 3909 ba,
934 3847 964 3896 et
984 3837 1122 3897 cancellis
1143 3838 1274 3897 inclusas
1296 3837 1409 3896 addidit
1430 3847 1588 3914 sequentes
1612 3835 1674 3896 Ca-

338 3939 429 3998 rabae
450 3939 576 4011 litteras,
609 3939 701 4000 Cutol.
727 3958 798 3998 mua.
825 3939 904 4016 Nep.
930 3941 1019 4022 Rucc.
1042 3940 1274 4017 epiqr.u.134.
1318 3939 1385 3999 Has
1407 3949 1505 3999 autem
1531 3957 1588 4018 ego
1611 3941 1675 3999 inm

337 4049 426 4101 antea
457 4043 489 4101 in
522 4041 723 4118 suspicionem
747 4043 899 4101 vocandas
926 4043 1105 4115 existimavi,
1138 4042 1218 4119 quod
1239 4043 1370 4118 formula
1390 4041 1511 4118 m(edic)
1534 4041 1670 4118 t(utious)

339 4143 488 4220 swertela)
524 4144 693 4221 t(auqiuud)
727 4144 759 4202 in
795 4146 879 4204 nullo
915 4146 975 4204 alio
1010 4145 1132 4221 linguae
1159 4144 1258 4204 Oscae
1288 4157 1480 4204 monumento
1510 4143 1559 4202 his
1591 4145 1675 4204 uotis

340 4249 451 4325 scripta
471 4246 652 4323 reperiatur,
680 4255 710 4305 et
735 4257 806 4325 post
831 4267 897 4307 eam
924 4247 1102 4306 vocabulum
1130 4266 1214 4304 uram
1240 4266 1300 4305 non
1327 4246 1439 4306 Oscum
1467 4247 1506 4306 sit
1533 4245 1587 4306 sed
1610 4245 1672 4304 Ln-

340 4350 434 4408 tinum
456 4349 505 4424 (Z.
521 4352 549 4426 s.
571 4349 659 4426 uerpl.
688 4348 757 4427 Spr.
780 4349 841 4421 XI,
870 4351 937 4421 427,
964 4349 1047 4427 not).
1091 4349 1150 4407 His
1177 4349 1315 4409 omnibus
1342 4350 1432 4426 igitur
1458 4349 1619 4428 perpensis
1642 4350 1675 4408 in

340 4470 405 4512 eam
428 4470 475 4510 me
498 4451 676 4510 seutentiam
698 4451 857 4511 deductum
880 4452 977 4524 video,
999 4465 1033 4511 ut
1053 4452 1181 4527 primum
1198 4470 1317 4511 versum
1331 4452 1536 4530 inscriptionis
1558 4450 1596 4510 de
1612 4470 1677 4528 qua

341 4559 439 4633 agitur
465 4575 484 4614 a
509 4552 629 4613 Canaba
650 4573 710 4613 non
733 4555 784 4626 ita,
813 4565 845 4614 ut
866 4555 995 4633 scripsit,
1023 4554 1170 4631 integrum
1191 4556 1222 4614 iu
1244 4555 1348 4614 tabula
1369 4555 1466 4614 oculis
1485 4553 1583 4612 visum
1607 4573 1677 4614 esse

339 4656 453 4729 dicam,
490 4657 543 4716 sed
569 4657 730 4716 maximam
757 4669 872 4734 partem
900 4676 939 4716 ex
965 4657 1064 4733 ipsius
1084 4657 1206 4734 ingenio
1229 4657 1360 4716 additum
1388 4656 1427 4715 ad
1448 4655 1675 4734 inscriptionem

342 4759 539 4837 supplendam
562 4770 592 4818 et
612 4760 834 4820 restituendam.
879 4759 1017 4836 Denique
1032 4759 1251 4818 observandum
1265 4767 1322 4830 est,
1344 4758 1433 4816 etlam
1454 4759 1570 4836 integra
1584 4757 1677 4818 huius

251 4931 258 4954 ο
341 4861 547 4938 inscriptionis
568 4863 661 4922 verba
681 4863 817 4922 recedere
838 4880 898 4921 nou
914 4861 1011 4921 solnm
1033 4880 1051 4919 a
1074 4862 1223 4921 scribendi
1238 4880 1330 4933 more,
1352 4860 1507 4920 sedetiam
1528 4879 1548 4918 a
1568 4860 1678 4920 formis

220 5033 227 5040 ,
342 4964 555 5024 vocabulorum
584 4967 704 5043 linguae
732 4965 838 5024 Oscae.
882 4963 1020 5041 Namque
1046 4983 1101 5041 pro
1124 4965 1314 5038 namanaffeq
1341 4962 1486 5022 hebemus
1508 4965 1678 5038 omanused,

342 5084 397 5144 pro
424 5067 751 5144 pulsatuclrprosated,
784 5068 856 5143 quin
888 5067 978 5126 etiam
1011 5085 1065 5144 pro
1094 5065 1177 5125 Osca
1201 5064 1386 5144 pronominis
1414 5065 1511 5125 forma
1540 5065 1606 5124 ta-lr
1621 5066 1679 5124 ‘rel

341 5172 404 5229 iau
424 5169 556 5229 eiusdem
579 5170 697 5248 generis
720 5179 753 5227 ut
774 5169 845 5241 ίο-Ιε,
868 5173 935 5243 iou,
963 5173 1052 5242 ion-c,
1074 5167 1161 5241 eut-t,
1183 5168 1280 5242 eka-lc,
1303 5167 1416 5241 elenu-k,
1445 5165 1557 5241 eleo-lt,
1580 5185 1678 5241 cco-c,
