3540 5828
329 501 399 572 130
757 521 1063 574 anumausurvu
1081 521 1165 575 voa.
1186 521 1214 572 11

319 694 461 754 fratribus
483 695 656 754 Arvalibus.
699 693 758 757 Sed
780 696 869 755 etiam
891 695 1006 754 Romae
1027 697 1092 754 lieri
1113 704 1222 773 potest,
1245 705 1277 755 ut
1299 694 1439 756 Caesaris
1460 704 1557 756 aetate
1578 698 1653 756 iana

318 796 429 856 luerint
450 797 570 875 publice
589 797 735 870 dedicata,
757 800 865 875 quibus
886 819 953 858 cum
975 799 1103 877 collegia
1123 807 1267 875 perpetua
1285 798 1368 858 nulla
1382 799 1524 858 attributa
1537 808 1651 870 essent,

319 909 473 959 curatores
499 900 590 960 dandi
616 911 718 960 essent
743 921 762 961 a
787 900 1023 981 magistratibus.
1067 901 1162 960 Immo
1189 919 1265 978 quae
1286 901 1397 960 nediu
1419 901 1587 980 accepimns
1612 901 1652 960 de

319 1002 473 1079 magistris
499 1005 633 1063 vicorum
660 1022 863 1081 pagorumque
889 1023 955 1063 cum
977 1003 1088 1064 liberae
1110 1003 1154 1062 rei
1175 1004 1314 1080 publicae
1335 1005 1444 1062 aetatis
1465 1013 1527 1063 tum
1547 1013 1651 1082 poste·

318 1105 409 1164 rioris
435 1106 515 1164 haud
543 1106 606 1164 scio
633 1125 672 1164 an
698 1107 756 1166 huc
781 1107 963 1184 pertineant;
991 1125 1088 1183 neque
1114 1106 1191 1165 euim
1221 1106 1253 1164 hi
1280 1108 1471 1186 magistratus
1498 1114 1569 1167 sunt
1594 1106 1651 1182 qui

318 1207 390 1266 item
416 1225 504 1266 sacra
524 1219 643 1281 curant,
670 1209 724 1269 sed
745 1205 917 1269 sacerdotes
938 1217 1058 1287 praeter
1083 1227 1170 1268 sacra
1191 1209 1280 1269 etiam
1302 1210 1340 1269 od
1360 1209 1482 1287 publica
1501 1208 1650 1286 quaedam

318 1309 440 1386 negotia
454 1312 562 1370 vocati.
599 1311 649 1370 Ad
670 1312 702 1370 id
717 1313 887 1390 exemplum
903 1331 970 1370 cum
984 1311 1119 1371 coloniae
1132 1311 1392 1383 constituerentur,
1414 1311 1530 1371 duoviri
1545 1301 1651 1370 eorum

319 1411 403 1488 (nam
425 1411 462 1470 de
485 1412 633 1473 aedilibus
647 1413 714 1472 vide
735 1415 895 1474 observata
915 1434 943 1492 p.
963 1413 1036 1491 145)
1059 1414 1237 1474 iubebantur
1258 1397 1297 1473 ex
1318 1414 1511 1474 decurionum
1528 1409 1651 1474 decreto

318 1523 471 1574 curatores
493 1517 632 1575 fanorum
654 1518 815 1593 quotannis
837 1527 909 1593 quot
930 1525 1080 1593 oporteret
1101 1517 1209 1576 lacere.
1227 1551 1265 1562 -
1291 1516 1339 1576 De
1360 1518 1435 1593 ipsis
1457 1517 1652 1576 caerimoniis

318 1617 375 1675 hoc
397 1618 491 1678 solum
514 1618 624 1678 adnoto
646 1619 872 1696 antiquissimas
894 1637 961 1679 esse
983 1637 1086 1679 omnes
1107 1620 1268 1692 sacrificia,
1290 1619 1460 1697 pulvinaria
1481 1619 1545 1678 sive
1567 1619 1651 1677 lecti-

319 1720 477 1796 sternia1),
499 1721 587 1780 ludos
609 1721 772 1793 circenses3
795 1722 902 1799 quibus
925 1723 1053 1782 scaenici
1068 1741 1133 1780 uon
1154 1723 1251 1800 magis
1273 1722 1405 1781 adiuncti
1428 1730 1498 1781 aunt
1511 1739 1603 1798 quam
1619 1722 1651 1781 in

318 1821 397 1881 nau
422 1824 542 1883 urbanis
563 1825 781 1901 antiquissimis
803 1805 1005 1884 consualibus
1027 1833 1057 1883 et
1078 1824 1266 1901 Equirribus.
1379 1905 1380 1908 .

208 1931 278 1981 Cura
404 1924 452 1984 De
473 1927 549 1984 locis
569 1926 709 1986 ludorum
731 1929 960 2003 spectandomm
982 1925 1075 1986 cauea
1096 1927 1292 1987 attribuendis
1315 1929 1374 1986 tria
1399 1927 1498 2003 capita
1519 1925 1650 1987 CXXV.

183 2005 302 2056 ludorum
322 2025 468 2087 CXXVI.
485 2026 634 2088 CXXVII
658 2030 700 2088 ita
726 2039 835 2109 agunt,
863 2038 895 2088 ut
922 2030 1050 2106 primum
1073 2031 1221 2106 pertineat
1241 2028 1278 2087 ad
1301 2029 1389 2088 ludos
1410 2030 1441 2086 iu
1463 2029 1651 2102 uuiversum,

319 2131 379 2190 duo
407 2132 468 2191 alia
495 2132 534 2191 ad
560 2133 643 2191 solos
669 2133 832 2192 scaenicos.
875 2131 916 2190 Et
941 2133 997 2191 hos
1024 2134 1143 2209 quidem
1171 2133 1270 2191 faeere
1297 2131 1436 2190 dicuntur
1456 2131 1651 2210 magistratus

319 2233 456 2294 coloniae
482 2235 585 2306 aliive3
613 2235 656 2293 illi
685 2235 833 2293 circenses
859 2234 1046 2311 potissimum
1069 2254 1135 2294 esse
1156 2234 1308 2306 videnlur,
1335 2235 1465 2292 maxime
1486 2235 1596 2311 opinor
1618 2237 1651 2308 ii,

319 2354 396 2413 quos
424 2339 586 2416 magistros
612 2338 749 2397 fanorum
775 2338 826 2395 lex
855 2329 954 2396 lacere
981 2337 1066 2396 iubet
1093 2335 1310 2397 c.'CXXVlII
1337 2336 1541 2412 (7,17.19),
1568 2338 1652 2414 quod

180 2443 305 2494 Decurio-
319 2448 409 2514 caput
430 2439 468 2498 ob
490 2440 521 2498 id
542 2441 643 2517 ipsum
665 2459 701 2499 ea
722 2440 835 2516 excipit
857 2458 933 2516 quae
956 2440 993 2498 de
1014 2440 1192 2515 spectaculis
1214 2437 1333 2516 suntl).
1375 2439 1417 2497 Et
1437 2439 1652 2500 decurionibus

177 2519 308 2654 εἶχε·
320 2540 438 2618 quidem
466 2543 496 2600 iu
518 2542 596 2601 ludis
619 2541 791 2620 spectandis
814 2559 951 2601 seorsum
971 2541 1070 2602 locum
1091 2541 1221 2600 dandum
1244 2559 1311 2600 esee
1334 2560 1400 2600 cum
1422 2541 1452 2599 iu
1474 2542 1650 2602 uuiversum

183 2665 215 2714 11„
228 2667 300 2715 leena
319 2653 441 2702 cavetur
461 2663 487 2702 c.
504 2643 623 2704 CXXV
646 2645 689 2721 (id
711 2645 794 2720 quod
814 2644 884 2704 item
908 2643 1137 2721 significatoria
1152 2645 1217 2722 lege
1233 2644 1311 2703 Iulia
1325 2643 1563 2720 municipaII³)),
1586 2655 1650 2704 tum

316 2746 348 2803 in
377 2747 522 2806 scaenicis
549 2747 629 2805 ludis
657 2766 682 2806 e.
705 2745 856 2806 CXXVII
885 2746 1040 2806 orchestra
1067 2747 1106 2806 iis
1134 2756 1314 2806 reservatur.
1362 2745 1507 2807 Similiter
1533 2746 1651 2808 Romae

317 2866 435 2925 quoque
462 2848 598 2908 obtinuit.
643 2846 764 2909 Scilicet
789 2850 820 2906 in
847 2849 926 2908 ludis
955 2831 1137 2907 circensibus
1163 2850 1221 2908 etsi
1247 2859 1329 2908 certa
1355 2855 1385 2907 et
1410 2857 1557 2926 perpetua
1581 2849 1651 2908 loca

318 2960 473 3040 senatores
496 2971 514 3009 a
536 2949 664 3010 Claudio
685 2951 803 3011 demum
825 2959 1017 3028 acceperunt,
1042 2968 1177 3010 seorsum
1201 2935 1310 3010 dudum
1333 2959 1401 3010 aute
1423 2952 1599 3027 spectabant
1607 2952 1649 3028 ⁴).

316 3054 412 3112 Plane
440 3053 484 3112 sic
511 3054 541 3111 in
570 3053 689 3112 colonia
716 3051 865 3112 Genetiva
892 3061 951 3112 non
978 3061 1061 3113 certa
1086 3054 1233 3129 quaedam
1261 3053 1329 3112 loca
1355 3054 1425 3112 circi
1453 3054 1679 3137 decurionum,

315 3157 440 3234 propria
467 3156 600 3228 luerunt,
629 3156 683 3215 sed
712 3175 778 3215 cum
805 3155 869 3214 ludi
897 3155 1003 3214 fierent
1030 3173 1085 3232 pro
1112 3173 1146 3213 re
1173 3155 1258 3214 locus
1284 3156 1405 3232 quidam
1435 3155 1649 3216 decurionibus

317 3258 405 3318 datus
432 3259 609 3336 adsignatus
636 3259 795 3318 relictusre
821 3267 875 3316 est.
919 3258 962 3317 At
987 3258 1019 3316 in
1044 3256 1125 3316 ludis
1153 3256 1297 3316 scaenicis
1323 3258 1512 3320 notissimum
1542 3268 1589 3318 est
1617 3260 1650 3318 in

394 3557 417 3620 ¹)
443 3551 630 3624 Intelleguutur
654 3558 710 3607 sine
734 3557 813 3607 dubio
837 3557 995 3608 lectisternia
1012 3556 1133 3608 fanorum
1152 3531 1255 3620 eorum,
1281 3556 1308 3606 in
1327 3553 1429 3623 quibua,
1455 3562 1484 3606 ut
1502 3557 1539 3606 ἀι
1556 3558 1651 3608 Livius

317 3651 453 3712 36,1,2.
474 3653 521 3713 42,
537 3651 617 3712 30,8
638 3649 681 3712 (ci.
701 3652 750 3712 40,
765 3649 814 3712 59,
829 3651 870 3712 7),
897 3649 1073 3700 &araterrium
1092 3649 1209 3699 maiorem
1223 3655 1324 3715 portem
1342 3649 1404 3700 onai
1414 3648 1478 3716 flera'
1495 3647 1566 3699 solet.
1607 3649 1651 3701 Cf.

315 3743 372 3794 Liv.
388 3744 413 3806 5,
427 3742 472 3805 52,
487 3744 517 3793 6:
536 3743 563 3793 a'n
581 3739 654 3792 lovis
671 3742 745 3810 epulo
763 3759 821 3793 num
839 3740 904 3792 atita·
921 3758 995 3809 quara
1013 3743 1040 3790 a'n
1062 3739 1189 3808 Capitolio
1203 3740 1329 3809 pulvinar
1346 3742 1443 3808 aucupi
1455 3742 1557 3807 potest!

392 3833 416 3897 ²)
443 3836 587 3900 Propterea
606 3837 684 3886 etiam
704 3836 759 3886 ludi
777 3837 813 3885 ibi
832 3836 991 3901 praecedunt
1009 3835 1144 3884 sacrificia.

393 3924 418 3990 ⁸)
447 3929 481 3978 V.
496 3927 561 3978 138:
586 3943 645 3978 aeae
669 3929 726 3995 quie
748 3943 831 3978 eorum
850 3926 930 3990 Iudeis
949 3942 1032 3977 armoe
1049 3925 1207 3992 gladiatores
1225 3923 1277 3976 idei
1289 3923 1439 3994 pugnabunt
1456 3926 1483 3974 in
1501 3926 1555 3976 Ioco
1575 3941 1651 3976 eena-

316 4021 382 4071 ton'o
402 4017 561 4070 decurionum
579 4021 776 4087 conscriptorum
793 4019 875 4070 aedeto
893 4035 952 4070 neoc
971 4024 1108 4086 spectato·
1130 4018 1170 4070 cf.
1189 4018 1291 4069 v.133.

393 4110 418 4174 ⁴)
445 4112 498 4163 Dio
513 4113 556 4174 60,
572 4113 601 4162 I:
621 4105 663 4161 aei
683 4101 760 4180 lquuv
780 4109 823 4180 pir
840 4129 886 4161 areu
906 4108 946 4162 aad
964 4098 1083 4179 πρὸτιρον
1103 4107 1127 4158 Ia
1146 4103 1210 4174 αιῖτῷ
1229 4107 1272 4174 (τῷ
1284 4098 1439 4179 ἱπποδρὸμῳ)
1459 4104 1513 4174 ἰδίᾳ
1531 4107 1572 4159 aei
1584 4103 1652 4161 aurei

317 4201 383 4270 σψᾶς
406 4195 436 4261 uic
456 4195 555 4253 ἕκαστοι
574 4193 606 4253 rc'
623 4221 649 4253 τι
669 4201 791 4268 βουλιῧον
809 4203 850 4254 sal
868 4193 898 4254 ri
918 4201 1019 4254 lautior
1037 4201 1078 4252 aul
1098 4193 1112 4253 ι’
1132 4189 1236 4269 ὅμιλος,
1262 4195 1309 4270 ἐφ’
1330 4190 1402 4271 οὗπερ
1421 4199 1488 4252 τοῦτ’
1512 4196 1650 4270 tropicae,

312 4289 346 4350 ,ori
365 4292 447 4365 μέντοι
467 4293 508 4345 aei
524 4293 660 4365 reraypira
679 4292 756 4365 σψῐσι
775 4291 863 4368 χωρία
881 4288 1054 4347 lutetiam·
1075 4283 1146 4346 α’λλιῖ
1164 4284 1220 4344 raiae
1242 4285 1395 4352 illlaribtec
1412 4285 1454 4358 τήν
1472 4312 1499 4344 τε
1519 4287 1593 4364 ἕδραν
1605 4284 1653 4360 τὴν

317 4385 355 4440 νῦν
377 4375 452 4438 οὖσαν
470 4393 523 4446 τοῖς
541 4387 690 4448 douleusate
709 4383 830 4458 ἆπίκρινι.
860 4391 935 4440 fliam
955 4391 1144 4455 separationem
1162 4405 1220 4438 cum
1232 4389 1322 4440 Liviae
1336 4391 1360 4450 1,
1375 4387 1409 4439 35
1429 4389 1566 4453 adipsum
1586 4391 1652 4440 circi

318 4483 479 4533 conditorem
498 4483 620 4544 retrahat,
641 4483 695 4533 Dio
711 4482 753 4545 55,
769 4485 803 4534 22
823 4483 858 4532 ad
871 4484 1016 4548 Augustum
1035 4496 1156 4532 revocare
1170 4481 1282 4542 videtum
1303 4496 1412 4546 quorum
1430 4480 1494 4530 illud
1512 4481 1651 4532 adrerum

317 4576 423 4640 propius
446 4575 569 4625 accedere
593 4583 618 4625 et
640 4576 734 4626 Iustini
759 4575 791 4625 de
815 4575 1019 4626 MassIIIensibua
1042 4575 1157 4624 narratio
1183 4573 1222 4634 (v.
1242 4591 1268 4638 p.
1285 4574 1334 4624 131
1359 4581 1412 4623 not.
1432 4571 1463 4634 6)
1487 4573 1601 4623 ostendit
1625 4581 1653 4624 et

317 4667 382 4718 baec
399 4668 443 4717 lex
461 4668 527 4733 ipsa.
560 4668 628 4718 Nam
648 4682 719 4730 eane,
739 4669 789 4718 nisi
810 4668 929 4719 Caesaris
948 4675 1063 4731 tempore
1082 4665 1209 4716 eiusmodi
1228 4666 1355 4731 separatio
1370 4667 1397 4715 iu
1409 4665 1472 4715 urbe
1485 4664 1650 4728 obtinuisset

316 4761 344 4809 iu
363 4760 419 4824 lege
437 4759 586 4824 municipali
605 4774 651 4810 sua
670 4760 768 4826 hacque
788 4761 903 4811 coloniae
922 4775 984 4810 suae
1003 4775 1059 4809 eam
1078 4775 1132 4810 non
1149 4759 1285 4824 posuisset.
1314 4758 1375 4808 Non
1394 4758 1490 4822 optime
1509 4758 1541 4807 de
1557 4757 1608 4807 hac
1622 4774 1652 4808 re

317 4854 370 4916 egit
386 4851 517 4902 Becker-ue
536 4854 563 4902 iu
583 4853 679 4903 enchir.
696 4854 725 4915 2,
743 4854 767 4915 1,
782 4855 849 4916 282;
868 4869 917 4904 uec
935 4855 966 4905 1..
985 4851 1156 4914 Friedldnder
1174 4851 1270 4901 enchir.
1285 4850 1316 4913 4,
1330 4851 1383 4901 497
1403 4851 1465 4899 satia
1484 4849 1604 4899 distinxit
1622 4852 1652 4908 id

316 4944 349 4994 de
373 4959 424 5009 quo
451 4951 505 4994 tota
528 4946 642 5009 quaestio
666 4945 762 5010 pendet
784 4947 825 4995 ius
848 4946 981 5011 spectandi
1004 4946 1033 4995 in
1056 4945 1116 4995 loeo
1139 4950 1258 5008 separato
1284 4950 1310 4992 et
1327 4944 1368 4992 ius
1384 4943 1501 4992 locorum
1519 4949 1651 4993 certorum

284 5047 286 5050 ·
315 5043 554 5102 perpetuorumque.
593 5035 649 5100 [Ne
673 5053 703 5088 ea
728 5039 831 5103 quidem
854 5053 920 5104 quae
943 5045 1003 5103 post
1027 5037 1171 5088 Beckerum
1195 5043 1221 5086 at
1239 5035 1453 5086 Friedlinderum
1476 5049 1524 5099 ego
1548 5035 1581 5085 de
1609 5035 1652 5086 hia

315 5129 393 5179 rebus
417 5131 525 5194 exposui
549 5131 577 5180 in
601 5130 737 5180 annalibus
761 5132 871 5180 instituti
896 5130 1026 5181 arebaeol.
1046 5146 1070 5180 a.
1086 5130 1156 5180 1856
1176 5145 1201 5195 p.
1217 5129 1292 5179 blaa.
1313 5127 1345 5178 ci.
1368 5127 1437 5178 1⁸59
1457 5143 1483 5193 p.
1499 5129 1551 5177 122
1570 5142 1652 5193 quae-

318 5221 427 5274 stionem
446 5222 589 5274 absolvunt.
627 5221 758 5290 flueren]
