<?xml version="1.0" encoding="UTF-8"?>
<!DOCTYPE html PUBLIC "-//W3C//DTD XHTML 1.0 Transitional//EN"
    "http://www.w3.org/TR/xhtml1/DTD/xhtml1-transitional.dtd">
<html xmlns="http://www.w3.org/1999/xhtml" xml:lang="en" lang="en">
 <head>
  <title>
</title>
<meta http-equiv="Content-Type" content="text/html;charset=utf-8" />
  <meta name='ocr-system' content='tesseract 3.04.00' />
  <meta name='ocr-capabilities' content='ocr_page ocr_carea ocr_par ocr_line ocrx_word'/>
</head>
<body>
  <div class='ocr_page' id='page_1' title='image "./ephemerisepigra00henzgoog_0253.png"; bbox 0 0 3540 5828; ppageno 0'>
   <div class='ocr_carea' id='block_1_1' title="bbox 318 457 1655 528">
    <p class='ocr_par' dir='ltr' id='par_1_1' title="bbox 318 457 1655 528">
     <span class='ocr_line' id='line_1_1' title="bbox 318 457 1655 528; baseline -0.01 0"><span class='ocrx_word' id='word_1_1' title='bbox 318 457 392 528; x_wconf 90' lang='grc'>240</span> <span class='ocrx_word' id='word_1_2' title='bbox 836 470 1114 523; x_wconf 71' lang='lat' dir='ltr'>snnrnsunnns</span> <span class='ocrx_word' id='word_1_3' title='bbox 1526 467 1655 516; x_wconf 79' lang='lat' dir='ltr'>ete-em</span> 
     </span>
    </p>
   </div>
   <div class='ocr_carea' id='block_1_2' title="bbox 316 642 1655 952">
    <p class='ocr_par' dir='ltr' id='par_1_2' title="bbox 316 642 1655 952">
     <span class='ocr_line' id='line_1_2' title="bbox 398 642 1653 743; baseline -0.007 -18"><span class='ocrx_word' id='word_1_4' title='bbox 398 666 446 725; x_wconf 86' lang='lat' dir='ltr'>Ad</span> <span class='ocrx_word' id='word_1_5' title='bbox 466 685 496 724; x_wconf 92' lang='lat' dir='ltr'>n.</span> <span class='ocrx_word' id='word_1_6' title='bbox 520 663 628 725; x_wconf 78' lang='lat' dir='ltr'>treta</span> <span class='ocrx_word' id='word_1_7' title='bbox 651 666 693 743; x_wconf 89' lang='lat' dir='ltr'>(p.</span> <span class='ocrx_word' id='word_1_8' title='bbox 710 664 794 741; x_wconf 89' lang='grc'><strong>301).</strong></span> <span class='ocrx_word' id='word_1_9' title='bbox 837 665 874 723; x_wconf 94' lang='lat' dir='ltr'>In</span> <span class='ocrx_word' id='word_1_10' title='bbox 900 664 1010 723; x_wconf 86' lang='lat' dir='ltr'>tradita</span> <span class='ocrx_word' id='word_1_11' title='bbox 1034 663 1162 723; x_wconf 86' lang='lat' dir='ltr'>lectione</span> <span class='ocrx_word' id='word_1_12' title='bbox 1189 677 1362 722; x_wconf 72' lang='lat' dir='ltr'>emersere</span> <span class='ocrx_word' id='word_1_13' title='bbox 1393 642 1517 742; x_wconf 64' lang='lat' dir='ltr'>luvra·</span> <span class='ocrx_word' id='word_1_14' title='bbox 1542 673 1653 717; x_wconf 79' lang='lat' dir='ltr'>roussr</span> 
     </span>
     <span class='ocr_line' id='line_1_3' title="bbox 316 761 1655 844; baseline -0.008 -15"><span class='ocrx_word' id='word_1_15' title='bbox 316 771 409 829; x_wconf 86' lang='lat' dir='ltr'>latere</span> <span class='ocrx_word' id='word_1_16' title='bbox 438 784 510 828; x_wconf 80' lang='lat' dir='ltr'>uvis</span> <span class='ocrx_word' id='word_1_17' title='bbox 525 799 532 813; x_wconf 94' lang='lat'><em>·</em></span> <span class='ocrx_word' id='word_1_18' title='bbox 548 783 672 838; x_wconf 80' lang='lat' dir='ltr'>eorssr,</span> <span class='ocrx_word' id='word_1_19' title='bbox 704 767 724 824; x_wconf 90' lang='lat' dir='ltr'>i.</span> <span class='ocrx_word' id='word_1_20' title='bbox 747 787 773 827; x_wconf 90' lang='lat' dir='ltr'>e.</span> <span class='ocrx_word' id='word_1_21' title='bbox 803 767 976 826; x_wconf 80' lang='lat' dir='ltr'>duumvirolt</span> <span class='ocrx_word' id='word_1_22' title='bbox 993 775 1141 844; x_wconf 70' lang='lat' dir='ltr'><strong><em>potestate,</em></strong></span> <span class='ocrx_word' id='word_1_23' title='bbox 1177 766 1293 824; x_wconf 91' lang='lat' dir='ltr'>monuit</span> <span class='ocrx_word' id='word_1_24' title='bbox 1314 763 1441 824; x_wconf 84' lang='lat' dir='ltr'>Oerolus</span> <span class='ocrx_word' id='word_1_25' title='bbox 1468 761 1591 820; x_wconf 87' lang='lat' dir='ltr'>Morel</span> <span class='ocrx_word' id='word_1_26' title='bbox 1620 761 1655 819; x_wconf 93' lang='lat' dir='ltr'>in</span> 
     </span>
     <span class='ocr_line' id='line_1_4' title="bbox 318 857 1335 952; baseline -0.008 -19"><span class='ocrx_word' id='word_1_27' title='bbox 318 872 507 952; x_wconf 80' lang='lat' dir='ltr'>ephemeride</span> <span class='ocrx_word' id='word_1_28' title='bbox 528 871 704 930; x_wconf 78' lang='lat' dir='ltr'>Britannice</span> <span class='ocrx_word' id='word_1_29' title='bbox 725 871 769 930; x_wconf 76' lang='lat' dir='ltr'>tlte</span> <span class='ocrx_word' id='word_1_30' title='bbox 790 869 936 948; x_wconf 80' lang='lat' dir='ltr'>Aoedemy</span> <span class='ocrx_word' id='word_1_31' title='bbox 959 888 986 929; x_wconf 87' lang='lat' dir='ltr'>e.</span> <span class='ocrx_word' id='word_1_32' title='bbox 1012 868 1091 928; x_wconf 97' lang='grc'>1870</span> <span class='ocrx_word' id='word_1_33' title='bbox 1113 889 1142 946; x_wconf 91' lang='lat' dir='ltr'>p.</span> <span class='ocrx_word' id='word_1_34' title='bbox 1160 869 1229 929; x_wconf 92' lang='grc'>301.</span> <span class='ocrx_word' id='word_1_35' title='bbox 1329 857 1335 876; x_wconf 90' lang='grc'><em>’</em></span> 
     </span>
    </p>
   </div>
   <div class='ocr_carea' id='block_1_3' title="bbox 317 1177 1654 1362">
    <p class='ocr_par' dir='ltr' id='par_1_3' title="bbox 317 1177 1654 1362">
     <span class='ocr_line' id='line_1_5' title="bbox 317 1177 1654 1258; baseline -0.004 -16"><span class='ocrx_word' id='word_1_36' title='bbox 317 1181 381 1242; x_wconf 85' lang='grc'>316</span> <span class='ocrx_word' id='word_1_37' title='bbox 409 1181 480 1258; x_wconf 86' lang='lat' dir='ltr'>(ins.</span> <span class='ocrx_word' id='word_1_38' title='bbox 509 1189 580 1258; x_wconf 91' lang='lat' dir='ltr'>post</span> <span class='ocrx_word' id='word_1_39' title='bbox 604 1201 634 1240; x_wconf 87' lang='lat' dir='ltr'>n.</span> <span class='ocrx_word' id='word_1_40' title='bbox 663 1180 768 1256; x_wconf 85' lang='grc'>2004).</span> <span class='ocrx_word' id='word_1_41' title='bbox 811 1180 901 1240; x_wconf 83' lang='lat' dir='ltr'>Besis</span> <span class='ocrx_word' id='word_1_42' title='bbox 937 1197 1032 1256; x_wconf 86' lang='lat' dir='ltr'>parve</span> <span class='ocrx_word' id='word_1_43' title='bbox 1065 1177 1234 1239; x_wconf 86' lang='lat' dir='ltr'>Nesoeniao</span> <span class='ocrx_word' id='word_1_44' title='bbox 1270 1178 1375 1256; x_wconf 86' lang='lat' dir='ltr'>(Valle</span> <span class='ocrx_word' id='word_1_45' title='bbox 1406 1179 1440 1236; x_wconf 87' lang='lat' dir='ltr'>de</span> <span class='ocrx_word' id='word_1_46' title='bbox 1475 1177 1654 1254; x_wconf 80' lang='lat' dir='ltr'>Abdalojie)</span> 
     </span>
     <span class='ocr_line' id='line_1_6' title="bbox 356 1283 1654 1362; baseline -0.003 -19"><span class='ocrx_word' id='word_1_47' title='bbox 356 1293 488 1362; x_wconf 89' lang='lat' dir='ltr'>reperta,</span> <span class='ocrx_word' id='word_1_48' title='bbox 517 1293 636 1344; x_wconf 81' lang='lat' dir='ltr'>servata</span> <span class='ocrx_word' id='word_1_49' title='bbox 661 1285 692 1342; x_wconf 92' lang='lat' dir='ltr'>in</span> <span class='ocrx_word' id='word_1_50' title='bbox 720 1283 842 1361; x_wconf 82' lang='lat' dir='ltr'>praedio</span> <span class='ocrx_word' id='word_1_51' title='bbox 871 1283 1000 1360; x_wconf 90' lang='lat' dir='ltr'>quodam</span> <span class='ocrx_word' id='word_1_52' title='bbox 1021 1283 1136 1354; x_wconf 87' lang='lat' dir='ltr'>vicin0;</span> <span class='ocrx_word' id='word_1_53' title='bbox 1166 1283 1284 1344; x_wconf 75' lang='lat' dir='ltr'>litterae</span> <span class='ocrx_word' id='word_1_54' title='bbox 1310 1283 1436 1342; x_wconf 79' lang='lat' dir='ltr'>detritae</span> <span class='ocrx_word' id='word_1_55' title='bbox 1458 1290 1530 1341; x_wconf 89' lang='lat' dir='ltr'>sunt</span> <span class='ocrx_word' id='word_1_56' title='bbox 1553 1300 1654 1360; x_wconf 79' lang='lat' dir='ltr'>poene</span> 
     </span>
    </p>
   </div>
   <div class='ocr_carea' id='block_1_4' title="bbox 360 1389 1042 1546">
    <p class='ocr_par' dir='ltr' id='par_1_4' title="bbox 360 1389 1042 1546">
     <span class='ocr_line' id='line_1_7' title="bbox 360 1389 505 1446; baseline 0 0"><span class='ocrx_word' id='word_1_57' title='bbox 360 1405 473 1446; x_wconf 89' lang='lat' dir='ltr'>omnes.</span> <span class='ocrx_word' id='word_1_58' title='bbox 504 1389 505 1392; x_wconf 73' lang='grc'>’</span> 
     </span>
     <span class='ocr_line' id='line_1_8' title="bbox 914 1478 1042 1546; baseline 0 -18"><span class='ocrx_word' id='word_1_59' title='bbox 914 1478 1042 1546; x_wconf 86' lang='lat' dir='ltr'>protome</span> 
     </span>
    </p>
   </div>
   <div class='ocr_carea' id='block_1_5' title="bbox 596 1571 1358 1650">
    <p class='ocr_par' dir='ltr' id='par_1_5' title="bbox 596 1571 1358 1650">
     <span class='ocr_line' id='line_1_9' title="bbox 596 1571 1358 1650; baseline -0.001 -19"><span class='ocrx_word' id='word_1_60' title='bbox 596 1591 697 1633; x_wconf 85' lang='lat' dir='ltr'>urceus</span> <span class='ocrx_word' id='word_1_61' title='bbox 843 1576 969 1650; x_wconf 83' lang='lat' dir='ltr'>feminee</span> <span class='ocrx_word' id='word_1_62' title='bbox 989 1571 1100 1632; x_wconf 86' lang='lat' dir='ltr'>oeletoe</span> <span class='ocrx_word' id='word_1_63' title='bbox 1253 1582 1358 1648; x_wconf 82' lang='lat' dir='ltr'>patere</span> 
     </span>
    </p>
   </div>
   <div class='ocr_carea' id='block_1_6' title="bbox 839 1712 1135 1874">
    <p class='ocr_par' dir='ltr' id='par_1_6' title="bbox 839 1712 1135 1874">
     <span class='ocr_line' id='line_1_10' title="bbox 839 1712 1114 1771; baseline -0.007 -2"><span class='ocrx_word' id='word_1_64' title='bbox 839 1727 902 1771; x_wconf 86' lang='lat' dir='ltr'>nso</span> <span class='ocrx_word' id='word_1_65' title='bbox 933 1712 981 1770; x_wconf 89' lang='lat' dir='ltr'>sct</span> <span class='ocrx_word' id='word_1_66' title='bbox 1002 1725 1114 1769; x_wconf 75' lang='lat' dir='ltr'>vvrrrr</span> 
     </span>
     <span class='ocr_line' id='line_1_11' title="bbox 847 1829 1135 1874; baseline -0.01 -2"><span class='ocrx_word' id='word_1_67' title='bbox 847 1829 932 1874; x_wconf 67' lang='lat' dir='ltr'>rece</span> <span class='ocrx_word' id='word_1_68' title='bbox 1064 1829 1135 1873; x_wconf 67' lang='lat' dir='ltr'>uros</span> 
     </span>
    </p>
   </div>
   <div class='ocr_carea' id='block_1_7' title="bbox 316 1950 1658 2132">
    <p class='ocr_par' dir='ltr' id='par_1_7' title="bbox 316 1950 1658 2132">
     <span class='ocr_line' id='line_1_12' title="bbox 398 1950 1658 2030; baseline 0.001 -19"><span class='ocrx_word' id='word_1_69' title='bbox 398 1951 549 2030; x_wconf 85' lang='lat' dir='ltr'>Berlenga</span> <span class='ocrx_word' id='word_1_70' title='bbox 584 1951 743 2028; x_wconf 80' lang='lat' dir='ltr'>descripsit</span> <span class='ocrx_word' id='word_1_71' title='bbox 768 1952 910 2028; x_wconf 78' lang='lat' dir='ltr'>misitque</span> <span class='ocrx_word' id='word_1_72' title='bbox 940 1959 1094 2029; x_wconf 87' lang='lat' dir='ltr'>ectypum,</span> <span class='ocrx_word' id='word_1_73' title='bbox 1125 1950 1191 2028; x_wconf 90' lang='lat' dir='ltr'>ipse</span> <span class='ocrx_word' id='word_1_74' title='bbox 1217 1958 1336 2029; x_wconf 90' lang='lat' dir='ltr'>praeter</span> <span class='ocrx_word' id='word_1_75' title='bbox 1364 1952 1415 2010; x_wconf 87' lang='lat' dir='ltr'>deo</span> <span class='ocrx_word' id='word_1_76' title='bbox 1443 1969 1548 2011; x_wconf 88' lang='lat' dir='ltr'>vocem</span> <span class='ocrx_word' id='word_1_77' title='bbox 1578 1953 1658 2012; x_wconf 84' lang='lat' dir='ltr'>certi</span> 
     </span>
     <span class='ocr_line' id='line_1_13' title="bbox 316 2053 1551 2132; baseline -0.002 -18"><span class='ocrx_word' id='word_1_78' title='bbox 316 2053 391 2114; x_wconf 88' lang='lat' dir='ltr'>nihil</span> <span class='ocrx_word' id='word_1_79' title='bbox 413 2053 586 2132; x_wconf 81' lang='lat' dir='ltr'>dignoscere</span> <span class='ocrx_word' id='word_1_80' title='bbox 609 2073 641 2114; x_wconf 89' lang='lat' dir='ltr'>se</span> <span class='ocrx_word' id='word_1_81' title='bbox 663 2055 830 2113; x_wconf 86' lang='lat' dir='ltr'>confessus.</span> <span class='ocrx_word' id='word_1_82' title='bbox 1549 2059 1551 2064; x_wconf 83' lang='grc'>’</span> 
     </span>
    </p>
   </div>
   <div class='ocr_carea' id='block_1_8' title="bbox 317 2439 1657 3119">
    <p class='ocr_par' dir='ltr' id='par_1_8' title="bbox 317 2439 1657 3119">
     <span class='ocr_line' id='line_1_14' title="bbox 317 2439 1657 2520; baseline 0.003 -18"><span class='ocrx_word' id='word_1_83' title='bbox 317 2441 381 2502; x_wconf 86' lang='grc'>317</span> <span class='ocrx_word' id='word_1_84' title='bbox 405 2441 475 2519; x_wconf 85' lang='lat' dir='ltr'>(ins.</span> <span class='ocrx_word' id='word_1_85' title='bbox 501 2452 571 2518; x_wconf 91' lang='lat' dir='ltr'>post</span> <span class='ocrx_word' id='word_1_86' title='bbox 596 2462 624 2500; x_wconf 95' lang='lat' dir='ltr'>n.</span> <span class='ocrx_word' id='word_1_87' title='bbox 653 2441 758 2518; x_wconf 91' lang='grc'>2010).</span> <span class='ocrx_word' id='word_1_88' title='bbox 802 2439 971 2503; x_wconf 79' lang='lat' dir='ltr'>Nescaniae</span> <span class='ocrx_word' id='word_1_89' title='bbox 1005 2462 1068 2520; x_wconf 91' lang='lat' dir='ltr'>rep.</span> <span class='ocrx_word' id='word_1_90' title='bbox 1105 2460 1132 2501; x_wconf 87' lang='lat' dir='ltr'>e.</span> <span class='ocrx_word' id='word_1_91' title='bbox 1163 2441 1251 2501; x_wconf 82' lang='grc'><strong>1874.</strong></span> <span class='ocrx_word' id='word_1_92' title='bbox 1295 2442 1426 2503; x_wconf 79' lang='lat' dir='ltr'>Litterae</span> <span class='ocrx_word' id='word_1_93' title='bbox 1463 2451 1535 2503; x_wconf 88' lang='lat' dir='ltr'>sunt</span> <span class='ocrx_word' id='word_1_94' title='bbox 1572 2445 1657 2506; x_wconf 79' lang='lat' dir='ltr'>ultae</span> 
     </span>
     <span class='ocr_line' id='line_1_15' title="bbox 359 2545 910 2606; baseline 0.002 -4"><span class='ocrx_word' id='word_1_95' title='bbox 359 2559 389 2604; x_wconf 88' lang='lat' dir='ltr'>et</span> <span class='ocrx_word' id='word_1_96' title='bbox 410 2552 516 2604; x_wconf 86' lang='lat' dir='ltr'>tenues¹</span> <span class='ocrx_word' id='word_1_97' title='bbox 535 2545 647 2605; x_wconf 90' lang='lat' dir='ltr'>saeculi</span> <span class='ocrx_word' id='word_1_98' title='bbox 668 2546 748 2606; x_wconf 89' lang='lat' dir='ltr'>tertii</span> <span class='ocrx_word' id='word_1_99' title='bbox 769 2546 910 2605; x_wconf 88' lang='lat' dir='ltr'>ineuntis.</span> 
     </span>
     <span class='ocr_line' id='line_1_16' title="bbox 759 2663 1291 2720; baseline -0.002 -13"><span class='ocrx_word' id='word_1_100' title='bbox 759 2663 910 2707; x_wconf 74' lang='lat' dir='ltr'>u·snt10</span> <span class='ocrx_word' id='word_1_101' title='bbox 931 2678 938 2693; x_wconf 91' lang='lat'><em>·</em></span> <span class='ocrx_word' id='word_1_102' title='bbox 960 2663 1110 2720; x_wconf 66' lang='lat' dir='ltr'>Qytnrrffi</span> <span class='ocrx_word' id='word_1_103' title='bbox 1131 2678 1139 2692; x_wconf 94' lang='lat'><strong>·</strong></span> <span class='ocrx_word' id='word_1_104' title='bbox 1169 2664 1291 2706; x_wconf 77' lang='lat' dir='ltr'>neuss-</span> 
     </span>
     <span class='ocr_line' id='line_1_17' title="bbox 800 2765 1290 2810; baseline 0 0"><span class='ocrx_word' id='word_1_105' title='bbox 800 2765 1290 2810; x_wconf 54' lang='lat' dir='ltr'>uascsuteusrwtst</span> 
     </span>
     <span class='ocr_line' id='line_1_18' title="bbox 759 2868 1291 2916; baseline -0.004 -1"><span class='ocrx_word' id='word_1_106' title='bbox 759 2868 1291 2916; x_wconf 73' lang='lat' dir='ltr'>oersrs·resrsu·srurvsre·</span> 
     </span>
     <span class='ocr_line' id='line_1_19' title="bbox 758 2961 1292 3026; baseline 0.004 -12"><span class='ocrx_word' id='word_1_107' title='bbox 758 2961 935 3026; x_wconf 63' lang='lat' dir='ltr'>srvtoo&#39;vs·</span> <span class='ocrx_word' id='word_1_108' title='bbox 948 2971 1050 3014; x_wconf 70' lang='lat' dir='ltr'>otro·</span> <span class='ocrx_word' id='word_1_109' title='bbox 1064 2971 1292 3016; x_wconf 82' lang='lat' dir='ltr'>nscvarorusvs</span> 
     </span>
     <span class='ocr_line' id='line_1_20' title="bbox 709 3073 1037 3119; baseline -0.006 -1"><span class='ocrx_word' id='word_1_110' title='bbox 709 3079 720 3118; x_wconf 83' lang='lat' dir='ltr'>s</span> <span class='ocrx_word' id='word_1_111' title='bbox 873 3073 1037 3119; x_wconf 80' lang='lat' dir='ltr'>uenietwrr</span> 
     </span>
    </p>
   </div>
   <div class='ocr_carea' id='block_1_9' title="bbox 317 3195 1657 3687">
    <p class='ocr_par' dir='ltr' id='par_1_9' title="bbox 317 3195 1657 3687">
     <span class='ocr_line' id='line_1_21' title="bbox 401 3195 1656 3275; baseline 0.001 -17"><span class='ocrx_word' id='word_1_112' title='bbox 401 3197 555 3275; x_wconf 84' lang='lat' dir='ltr'>Berlenga</span> <span class='ocrx_word' id='word_1_113' title='bbox 576 3197 735 3275; x_wconf 84' lang='lat' dir='ltr'>descripsit</span> <span class='ocrx_word' id='word_1_114' title='bbox 756 3206 786 3257; x_wconf 89' lang='lat' dir='ltr'>et</span> <span class='ocrx_word' id='word_1_115' title='bbox 806 3205 946 3274; x_wconf 81' lang='lat' dir='ltr'>ectypunr</span> <span class='ocrx_word' id='word_1_116' title='bbox 967 3197 1005 3255; x_wconf 89' lang='lat' dir='ltr'>ab</span> <span class='ocrx_word' id='word_1_117' title='bbox 1028 3195 1132 3256; x_wconf 81' lang='lat' dir='ltr'>amicis</span> <span class='ocrx_word' id='word_1_118' title='bbox 1154 3197 1212 3256; x_wconf 92' lang='lat' dir='ltr'>sibi</span> <span class='ocrx_word' id='word_1_119' title='bbox 1235 3199 1359 3258; x_wconf 87' lang='lat' dir='ltr'>missum</span> <span class='ocrx_word' id='word_1_120' title='bbox 1381 3217 1495 3258; x_wconf 89' lang='lat' dir='ltr'>mecum</span> <span class='ocrx_word' id='word_1_121' title='bbox 1518 3218 1656 3259; x_wconf 90' lang='lat' dir='ltr'>commn-</span> 
     </span>
     <span class='ocr_line' id='line_1_22' title="bbox 319 3297 1655 3380; baseline 0.001 -20"><span class='ocrx_word' id='word_1_122' title='bbox 319 3300 441 3360; x_wconf 87' lang='lat' dir='ltr'>nioevit.</span> <span class='ocrx_word' id='word_1_123' title='bbox 485 3300 590 3360; x_wconf 82' lang='lat' dir='ltr'>Lectio</span> <span class='ocrx_word' id='word_1_124' title='bbox 618 3308 700 3359; x_wconf 90' lang='lat' dir='ltr'>certa</span> <span class='ocrx_word' id='word_1_125' title='bbox 720 3309 777 3371; x_wconf 86' lang='lat' dir='ltr'>est,</span> <span class='ocrx_word' id='word_1_126' title='bbox 804 3317 871 3357; x_wconf 87' lang='lat' dir='ltr'>nem</span> <span class='ocrx_word' id='word_1_127' title='bbox 894 3297 975 3377; x_wconf 91' lang='lat' dir='ltr'>quod</span> <span class='ocrx_word' id='word_1_128' title='bbox 997 3299 1149 3375; x_wconf 84' lang='lat' dir='ltr'>Berlenge</span> <span class='ocrx_word' id='word_1_129' title='bbox 1170 3300 1298 3377; x_wconf 83' lang='lat' dir='ltr'>primunr</span> <span class='ocrx_word' id='word_1_130' title='bbox 1319 3301 1436 3380; x_wconf 84' lang='lat' dir='ltr'>legeret</span> <span class='ocrx_word' id='word_1_131' title='bbox 1457 3321 1485 3360; x_wconf 88' lang='lat' dir='ltr'>v.</span> <span class='ocrx_word' id='word_1_132' title='bbox 1509 3303 1528 3360; x_wconf 82' lang='lat'>4</span> <span class='ocrx_word' id='word_1_133' title='bbox 1552 3319 1655 3362; x_wconf 72' lang='lat' dir='ltr'>srvio</span> 
     </span>
     <span class='ocr_line' id='line_1_23' title="bbox 317 3387 1657 3481; baseline 0.003 -19"><span class='ocrx_word' id='word_1_134' title='bbox 317 3419 383 3462; x_wconf 77' lang='lat' dir='ltr'>stre</span> <span class='ocrx_word' id='word_1_135' title='bbox 414 3418 508 3476; x_wconf 74' lang='lat' dir='ltr'>osto,</span> <span class='ocrx_word' id='word_1_136' title='bbox 541 3404 677 3480; x_wconf 85' lang='lat' dir='ltr'>quemvis</span> <span class='ocrx_word' id='word_1_137' title='bbox 718 3403 884 3479; x_wconf 86' lang='lat' dir='ltr'>elegantius</span> <span class='ocrx_word' id='word_1_138' title='bbox 908 3387 1032 3460; x_wconf 61' lang='lat' dir='ltr'>&#39;dictum</span> <span class='ocrx_word' id='word_1_139' title='bbox 1073 3411 1166 3475; x_wconf 88' lang='lat' dir='ltr'>esset,</span> <span class='ocrx_word' id='word_1_140' title='bbox 1222 3414 1330 3480; x_wconf 86' lang='lat' dir='ltr'>postea</span> <span class='ocrx_word' id='word_1_141' title='bbox 1363 3404 1521 3481; x_wconf 85' lang='lat' dir='ltr'>perspexit</span> <span class='ocrx_word' id='word_1_142' title='bbox 1556 3405 1657 3466; x_wconf 87' lang='lat' dir='ltr'>fuisse</span> 
     </span>
     <span class='ocr_line' id='line_1_24' title="bbox 318 3504 1656 3583; baseline 0.004 -19"><span class='ocrx_word' id='word_1_143' title='bbox 318 3505 418 3583; x_wconf 86' lang='lat' dir='ltr'>potius</span> <span class='ocrx_word' id='word_1_144' title='bbox 451 3520 734 3577; x_wconf 66' lang='lat' dir='ltr'>ervtijtsmsrm</span> <span class='ocrx_word' id='word_1_145' title='bbox 770 3504 850 3580; x_wconf 91' lang='lat' dir='ltr'>quod</span> <span class='ocrx_word' id='word_1_146' title='bbox 877 3515 906 3562; x_wconf 91' lang='lat' dir='ltr'>et</span> <span class='ocrx_word' id='word_1_147' title='bbox 931 3504 998 3581; x_wconf 88' lang='lat' dir='ltr'>ipse</span> <span class='ocrx_word' id='word_1_148' title='bbox 1027 3505 1058 3562; x_wconf 91' lang='lat' dir='ltr'>in</span> <span class='ocrx_word' id='word_1_149' title='bbox 1092 3513 1199 3581; x_wconf 85' lang='lat' dir='ltr'>ectypo</span> <span class='ocrx_word' id='word_1_150' title='bbox 1236 3505 1398 3583; x_wconf 83' lang='lat' dir='ltr'>distinguo.</span> <span class='ocrx_word' id='word_1_151' title='bbox 1442 3505 1521 3565; x_wconf 76' lang='lat' dir='ltr'>V.2</span> <span class='ocrx_word' id='word_1_152' title='bbox 1555 3508 1656 3570; x_wconf 89' lang='lat' dir='ltr'>tribus</span> 
     </span>
     <span class='ocr_line' id='line_1_25' title="bbox 319 3605 1139 3687; baseline -0.001 -20"><span class='ocrx_word' id='word_1_153' title='bbox 319 3626 429 3667; x_wconf 89' lang='lat' dir='ltr'>nomen</span> <span class='ocrx_word' id='word_1_154' title='bbox 449 3607 585 3687; x_wconf 82' lang='lat' dir='ltr'>genetivo</span> <span class='ocrx_word' id='word_1_155' title='bbox 607 3625 680 3667; x_wconf 88' lang='lat' dir='ltr'>casn</span> <span class='ocrx_word' id='word_1_156' title='bbox 702 3607 832 3685; x_wconf 88' lang='lat' dir='ltr'>positum</span> <span class='ocrx_word' id='word_1_157' title='bbox 855 3615 889 3665; x_wconf 87' lang='lat' dir='ltr'>nt</span> <span class='ocrx_word' id='word_1_158' title='bbox 909 3606 942 3666; x_wconf 94' lang='lat' dir='ltr'>II</span> <span class='ocrx_word' id='word_1_159' title='bbox 964 3605 1023 3665; x_wconf 84' lang='grc'>347</span> <span class='ocrx_word' id='word_1_160' title='bbox 1050 3605 1139 3666; x_wconf 89' lang='grc'><strong>1186.</strong></span> 
     </span>
    </p>
   </div>
   <div class='ocr_carea' id='block_1_10' title="bbox 1497 3873 1658 3886">
    <p class='ocr_par' dir='ltr' id='par_1_10' title="bbox 1497 3873 1658 3886">
     <span class='ocr_line' id='line_1_26' title="bbox 1497 3873 1658 3886; baseline 0.006 -2"><span class='ocrx_word' id='word_1_161' title='bbox 1497 3873 1658 3886; x_wconf 75' lang='lat'>——</span> 
     </span>
    </p>
   </div>
   <div class='ocr_carea' id='block_1_11' title="bbox 317 4063 1659 4659">
    <p class='ocr_par' dir='ltr' id='par_1_11' title="bbox 317 4063 1659 4659">
     <span class='ocr_line' id='line_1_27' title="bbox 402 4063 1658 4150; baseline 0.006 -26"><span class='ocrx_word' id='word_1_162' title='bbox 402 4065 453 4124; x_wconf 82' lang='lat' dir='ltr'>Ad</span> <span class='ocrx_word' id='word_1_163' title='bbox 475 4086 502 4124; x_wconf 92' lang='lat' dir='ltr'>n.</span> <span class='ocrx_word' id='word_1_164' title='bbox 527 4063 607 4124; x_wconf 81' lang='lat'><strong>2395</strong></span> <span class='ocrx_word' id='word_1_165' title='bbox 631 4064 675 4142; x_wconf 92' lang='lat' dir='ltr'>(p.</span> <span class='ocrx_word' id='word_1_166' title='bbox 698 4065 784 4141; x_wconf 83' lang='lat'><strong>335).</strong></span> <span class='ocrx_word' id='word_1_167' title='bbox 840 4064 990 4123; x_wconf 88' lang='lat' dir='ltr'>Libellum</span> <span class='ocrx_word' id='word_1_168' title='bbox 1017 4067 1159 4143; x_wconf 80' lang='lat' dir='ltr'>anonymi</span> <span class='ocrx_word' id='word_1_169' title='bbox 1187 4065 1248 4142; x_wconf 85' lang='lat' dir='ltr'>(om</span> <span class='ocrx_word' id='word_1_170' title='bbox 1270 4067 1424 4126; x_wconf 81' lang='lat' dir='ltr'>Flooiense</span> <span class='ocrx_word' id='word_1_171' title='bbox 1451 4085 1485 4128; x_wconf 88' lang='lat' dir='ltr'>se</span> <span class='ocrx_word' id='word_1_172' title='bbox 1510 4069 1578 4148; x_wconf 88' lang='lat' dir='ltr'>ipse</span> <span class='ocrx_word' id='word_1_173' title='bbox 1602 4091 1658 4150; x_wconf 89' lang='lat' dir='ltr'>ap·</span> 
     </span>
     <span class='ocr_line' id='line_1_28' title="bbox 317 4167 1659 4250; baseline 0.005 -24"><span class='ocrx_word' id='word_1_174' title='bbox 317 4167 424 4246; x_wconf 87' lang='lat' dir='ltr'>pellet)</span> <span class='ocrx_word' id='word_1_175' title='bbox 446 4167 482 4227; x_wconf 89' lang='lat' dir='ltr'>de</span> <span class='ocrx_word' id='word_1_176' title='bbox 504 4167 570 4227; x_wconf 91' lang='lat' dir='ltr'>loco</span> <span class='ocrx_word' id='word_1_177' title='bbox 592 4167 738 4245; x_wconf 73' lang='lat' dir='ltr'>Panopae,</span> <span class='ocrx_word' id='word_1_178' title='bbox 771 4186 858 4244; x_wconf 91' lang='lat' dir='ltr'>quern</span> <span class='ocrx_word' id='word_1_179' title='bbox 891 4167 1003 4226; x_wconf 79' lang='lat' dir='ltr'>frustra</span> <span class='ocrx_word' id='word_1_180' title='bbox 1035 4167 1224 4244; x_wconf 82' lang='lat' dir='ltr'>quaesivisse</span> <span class='ocrx_word' id='word_1_181' title='bbox 1256 4188 1302 4227; x_wconf 90' lang='lat' dir='ltr'>me</span> <span class='ocrx_word' id='word_1_182' title='bbox 1324 4169 1365 4227; x_wconf 92' lang='lat' dir='ltr'>ibi</span> <span class='ocrx_word' id='word_1_183' title='bbox 1388 4171 1466 4242; x_wconf 87' lang='lat' dir='ltr'>dixi,</span> <span class='ocrx_word' id='word_1_184' title='bbox 1499 4170 1659 4250; x_wconf 80' lang='lat' dir='ltr'>indagavit</span> 
     </span>
     <span class='ocr_line' id='line_1_29' title="bbox 318 4269 1658 4352; baseline 0.005 -23"><span class='ocrx_word' id='word_1_185' title='bbox 318 4288 446 4347; x_wconf 82' lang='lat' dir='ltr'>meoque</span> <span class='ocrx_word' id='word_1_186' title='bbox 479 4288 571 4329; x_wconf 84' lang='lat' dir='ltr'>censa</span> <span class='ocrx_word' id='word_1_187' title='bbox 602 4269 735 4345; x_wconf 86' lang='lat' dir='ltr'>inspexit</span> <span class='ocrx_word' id='word_1_188' title='bbox 766 4269 928 4328; x_wconf 80' lang='lat' dir='ltr'>Eduardus</span> <span class='ocrx_word' id='word_1_189' title='bbox 950 4273 1106 4346; x_wconf 88' lang='lat' dir='ltr'>Augustus</span> <span class='ocrx_word' id='word_1_190' title='bbox 1138 4269 1228 4328; x_wconf 82' lang='lat' dir='ltr'>Allen</span> <span class='ocrx_word' id='word_1_191' title='bbox 1249 4271 1437 4330; x_wconf 89' lang='lat' dir='ltr'>Portuensis.</span> <span class='ocrx_word' id='word_1_192' title='bbox 1482 4276 1658 4352; x_wconf 75' lang='lat' dir='ltr'>Acceperat</span> 
     </span>
     <span class='ocr_line' id='line_1_30' title="bbox 318 4370 1658 4456; baseline 0.004 -24"><span class='ocrx_word' id='word_1_193' title='bbox 318 4373 370 4432; x_wconf 91' lang='lat' dir='ltr'>ille</span> <span class='ocrx_word' id='word_1_194' title='bbox 391 4373 527 4433; x_wconf 90' lang='lat' dir='ltr'>libellum</span> <span class='ocrx_word' id='word_1_195' title='bbox 550 4390 569 4430; x_wconf 82' lang='lat' dir='ltr'>a</span> <span class='ocrx_word' id='word_1_196' title='bbox 589 4371 745 4432; x_wconf 90' lang='lat' dir='ltr'>Ludovioo</span> <span class='ocrx_word' id='word_1_197' title='bbox 768 4371 804 4431; x_wconf 88' lang='lat' dir='ltr'>de</span> <span class='ocrx_word' id='word_1_198' title='bbox 825 4371 924 4430; x_wconf 81' lang='lat' dir='ltr'>Bessa</span> <span class='ocrx_word' id='word_1_199' title='bbox 945 4370 1068 4443; x_wconf 81' lang='lat' dir='ltr'>Correo,</span> <span class='ocrx_word' id='word_1_200' title='bbox 1092 4373 1239 4432; x_wconf 80' lang='lat' dir='ltr'>advocato</span> <span class='ocrx_word' id='word_1_201' title='bbox 1260 4375 1290 4432; x_wconf 92' lang='lat' dir='ltr'>in</span> <span class='ocrx_word' id='word_1_202' title='bbox 1322 4374 1398 4434; x_wconf 83' lang='lat' dir='ltr'>Villa</span> <span class='ocrx_word' id='word_1_203' title='bbox 1412 4375 1489 4434; x_wconf 84' lang='lat' dir='ltr'>Real</span> <span class='ocrx_word' id='word_1_204' title='bbox 1509 4376 1658 4456; x_wconf 87' lang='lat' dir='ltr'>degente;</span> 
     </span>
     <span class='ocr_line' id='line_1_31' title="bbox 319 4474 1658 4557; baseline 0.005 -23"><span class='ocrx_word' id='word_1_205' title='bbox 319 4476 357 4534; x_wconf 90' lang='lat' dir='ltr'>de</span> <span class='ocrx_word' id='word_1_206' title='bbox 379 4475 474 4534; x_wconf 87' lang='lat' dir='ltr'>titulis</span> <span class='ocrx_word' id='word_1_207' title='bbox 489 4482 588 4534; x_wconf 85' lang='lat' dir='ltr'>eutem</span> <span class='ocrx_word' id='word_1_208' title='bbox 602 4475 833 4550; x_wconf 85' lang='lat' dir='ltr'>Penoyensibus</span> <span class='ocrx_word' id='word_1_209' title='bbox 850 4474 979 4550; x_wconf 89' lang='lat' dir='ltr'>scriptor</span> <span class='ocrx_word' id='word_1_210' title='bbox 995 4483 1066 4533; x_wconf 85' lang='lat' dir='ltr'>note</span> <span class='ocrx_word' id='word_1_211' title='bbox 1082 4483 1197 4533; x_wconf 87' lang='lat' dir='ltr'>tanturn</span> <span class='ocrx_word' id='word_1_212' title='bbox 1213 4477 1321 4552; x_wconf 87' lang='lat' dir='ltr'>repetit</span> <span class='ocrx_word' id='word_1_213' title='bbox 1341 4493 1380 4536; x_wconf 84' lang='lat' dir='ltr'>ex</span> <span class='ocrx_word' id='word_1_214' title='bbox 1396 4479 1534 4555; x_wconf 75' lang='lat' dir='ltr'>Argutis,</span> <span class='ocrx_word' id='word_1_215' title='bbox 1558 4499 1658 4557; x_wconf 89' lang='lat' dir='ltr'>neque</span> 
     </span>
     <span class='ocr_line' id='line_1_32' title="bbox 318 4575 1656 4659; baseline 0.005 -23"><span class='ocrx_word' id='word_1_216' title='bbox 318 4596 390 4637; x_wconf 87' lang='lat' dir='ltr'>vero</span> <span class='ocrx_word' id='word_1_217' title='bbox 410 4580 477 4654; x_wconf 91' lang='lat' dir='ltr'>ipse</span> <span class='ocrx_word' id='word_1_218' title='bbox 498 4577 582 4637; x_wconf 86' lang='lat' dir='ltr'>vidit.</span> <span class='ocrx_word' id='word_1_219' title='bbox 609 4575 684 4635; x_wconf 88' lang='lat' dir='ltr'>Inde</span> <span class='ocrx_word' id='word_1_220' title='bbox 706 4576 742 4634; x_wconf 90' lang='lat' dir='ltr'>de</span> <span class='ocrx_word' id='word_1_221' title='bbox 764 4576 945 4653; x_wconf 88' lang='lat' dir='ltr'>Kingstonis</span> <span class='ocrx_word' id='word_1_222' title='bbox 968 4595 1087 4653; x_wconf 91' lang='lat' dir='ltr'>quoque</span> <span class='ocrx_word' id='word_1_223' title='bbox 1109 4576 1168 4637; x_wconf 88' lang='lat' dir='ltr'>tide</span> <span class='ocrx_word' id='word_1_224' title='bbox 1190 4596 1270 4636; x_wconf 85' lang='lat' dir='ltr'>nove</span> <span class='ocrx_word' id='word_1_225' title='bbox 1292 4579 1485 4639; x_wconf 82' lang='lat' dir='ltr'>subnascitur</span> <span class='ocrx_word' id='word_1_226' title='bbox 1508 4583 1656 4659; x_wconf 85' lang='lat' dir='ltr'>suspicio.</span> 
     </span>
    </p>
   </div>
   <div class='ocr_carea' id='block_1_12' title="bbox 320 4945 1658 5230">
    <p class='ocr_par' dir='ltr' id='par_1_12' title="bbox 320 4945 1658 5230">
     <span class='ocr_line' id='line_1_33' title="bbox 320 4945 1658 5027; baseline 0.005 -20"><span class='ocrx_word' id='word_1_227' title='bbox 320 4945 384 5007; x_wconf 85' lang='grc'>318</span> <span class='ocrx_word' id='word_1_228' title='bbox 415 4948 486 5024; x_wconf 89' lang='lat' dir='ltr'>(ins.</span> <span class='ocrx_word' id='word_1_229' title='bbox 510 4958 580 5025; x_wconf 89' lang='lat' dir='ltr'>post</span> <span class='ocrx_word' id='word_1_230' title='bbox 601 4968 629 5007; x_wconf 93' lang='lat' dir='ltr'>n.</span> <span class='ocrx_word' id='word_1_231' title='bbox 647 4945 753 5023; x_wconf 88' lang='grc'><strong>2388).</strong></span> <span class='ocrx_word' id='word_1_232' title='bbox 797 4947 913 5027; x_wconf 81' lang='lat' dir='ltr'>(lippus</span> <span class='ocrx_word' id='word_1_233' title='bbox 934 4949 1013 5008; x_wconf 82' lang='lat' dir='ltr'>altus</span> <span class='ocrx_word' id='word_1_234' title='bbox 1036 4967 1075 5006; x_wconf 89' lang='lat' dir='ltr'>m.</span> <span class='ocrx_word' id='word_1_235' title='bbox 1093 4947 1119 5006; x_wconf 92' lang='lat'>1.</span> <span class='ocrx_word' id='word_1_236' title='bbox 1137 4947 1187 5021; x_wconf 90' lang='grc'>32,</span> <span class='ocrx_word' id='word_1_237' title='bbox 1209 4950 1288 5009; x_wconf 84' lang='lat' dir='ltr'>letus</span> <span class='ocrx_word' id='word_1_238' title='bbox 1309 4951 1338 5010; x_wconf 94' lang='grc'>0.</span> <span class='ocrx_word' id='word_1_239' title='bbox 1352 4951 1401 5023; x_wconf 88' lang='grc'>30,</span> <span class='ocrx_word' id='word_1_240' title='bbox 1423 4969 1546 5012; x_wconf 81' lang='lat' dir='ltr'>crassus</span> <span class='ocrx_word' id='word_1_241' title='bbox 1561 4953 1591 5014; x_wconf 89' lang='lat'>0.</span> <span class='ocrx_word' id='word_1_242' title='bbox 1603 4953 1658 5027; x_wconf 84' lang='grc'>25,</span> 
     </span>
     <span class='ocr_line' id='line_1_34' title="bbox 361 5051 1657 5128; baseline 0.008 -21"><span class='ocrx_word' id='word_1_243' title='bbox 361 5069 422 5109; x_wconf 88' lang='lat' dir='ltr'>non</span> <span class='ocrx_word' id='word_1_244' title='bbox 450 5052 554 5128; x_wconf 89' lang='lat' dir='ltr'>procul</span> <span class='ocrx_word' id='word_1_245' title='bbox 582 5071 600 5108; x_wconf 86' lang='lat' dir='ltr'>e</span> <span class='ocrx_word' id='word_1_246' title='bbox 628 5052 707 5110; x_wconf 68' lang='lat' dir='ltr'>Vitta</span> <span class='ocrx_word' id='word_1_247' title='bbox 728 5051 804 5110; x_wconf 83' lang='lat' dir='ltr'>Reel</span> <span class='ocrx_word' id='word_1_248' title='bbox 824 5059 975 5128; x_wconf 89' lang='lat' dir='ltr'>repertus,</span> <span class='ocrx_word' id='word_1_249' title='bbox 1008 5052 1119 5110; x_wconf 84' lang='lat' dir='ltr'>infixus</span> <span class='ocrx_word' id='word_1_250' title='bbox 1145 5052 1253 5128; x_wconf 78' lang='lat' dir='ltr'>parieti</span> <span class='ocrx_word' id='word_1_251' title='bbox 1281 5052 1386 5113; x_wconf 90' lang='lat' dir='ltr'>domus</span> <span class='ocrx_word' id='word_1_252' title='bbox 1413 5054 1540 5115; x_wconf 84' lang='lat' dir='ltr'>alicuius</span> <span class='ocrx_word' id='word_1_253' title='bbox 1569 5057 1657 5117; x_wconf 82' lang='lat' dir='ltr'>iuxta</span> 
     </span>
     <span class='ocr_line' id='line_1_35' title="bbox 361 5153 1442 5230; baseline 0.006 -20"><span class='ocrx_word' id='word_1_254' title='bbox 361 5163 487 5230; x_wconf 86' lang='lat' dir='ltr'>portem.</span> <span class='ocrx_word' id='word_1_255' title='bbox 532 5153 654 5214; x_wconf 87' lang='lat' dir='ltr'>Titulus</span> <span class='ocrx_word' id='word_1_256' title='bbox 677 5153 822 5214; x_wconf 80' lang='lat' dir='ltr'>trifariam</span> <span class='ocrx_word' id='word_1_257' title='bbox 845 5153 959 5214; x_wconf 87' lang='lat' dir='ltr'>divisus</span> <span class='ocrx_word' id='word_1_258' title='bbox 983 5163 1029 5216; x_wconf 90' lang='lat' dir='ltr'>est</span> <span class='ocrx_word' id='word_1_259' title='bbox 1049 5153 1237 5230; x_wconf 80' lang='lat' dir='ltr'>marginibus</span> <span class='ocrx_word' id='word_1_260' title='bbox 1258 5157 1442 5218; x_wconf 85' lang='lat' dir='ltr'>extantibus.</span> 
     </span>
    </p>
   </div>
   <div class='ocr_carea' id='block_1_13' title="bbox 0 0 1775 5828">
    <p class='ocr_par' dir='ltr' id='par_1_13' title="bbox 0 0 1775 5828">
     <span class='ocr_line' id='line_1_36' title="bbox 0 0 1775 5828; baseline 0 0"><span class='ocrx_word' id='word_1_261' title='bbox 0 0 1775 5828; x_wconf 95' lang='lat' dir='ltr'> </span> 
     </span>
    </p>
   </div>
  </div>
 </body>
</html>
