3510 5820
319 517 367 588 31
910 529 1060 632 nunnius

318 710 543 768 Anemovsuvs
645 711 695 782 ait,
717 711 794 768 idem
812 710 902 769 inerit
916 723 1005 786 atque
1020 710 1240 784 Albinovanus,
1263 729 1352 786 quem
1367 709 1396 768 in
1413 710 1652 786 interrogatione

648 812 815 890 compellat,
836 813 909 872 mibi
925 813 1042 872 videtur
1062 813 1191 873 dubitari
1207 831 1308 889 posse.
1342 811 1465 872 Certum
1481 821 1579 872 antem
1596 821 1652 883 est,

647 934 707 974 non
733 923 813 974 recta
837 916 916 974 hanc
941 918 980 974 ob
1007 933 1129 974 cansam
1156 917 1245 974 etiam
1274 914 1309 973 P.
1339 915 1563 974 Albinovanum
1586 915 1653 973 Ma·

646 1017 762 1076 riannm
785 1018 966 1096 adscriptum
990 1035 1058 1076 esse
1079 1019 1163 1094 genti
1184 1018 1320 1090 Tulliaa3
1348 1029 1382 1077 nt
1402 1019 1537 1078 lecerunt
1557 1017 1651 1076 inter·

575 1121 579 1136 '
646 1129 756 1196 pretes.

563 1221 763 1282 Albinovanus
789 1224 886 1283 Galeas
912 1233 1002 1299 poeta
1022 1222 1140 1281 Horatii
1168 1223 1281 1282 amicus
1309 1223 1353 1281 ita
1377 1233 1458 1282 recto
1481 1222 1653 1281 nomencla-

647 1333 731 1384 turae
759 1325 862 1384 ordine
889 1334 940 1385 ant
967 1344 1040 1384 casu
1066 1335 1116 1384 aut
1138 1327 1318 1403 optimorum
1341 1335 1495 1384 auctorum
1516 1325 1575 1383 fide
1598 1345 1652 1402 ap-

646 1426 776 1505 pellatur
803 1447 821 1484 a
841 1426 1050 1505 Porphyrione
1079 1429 1206 1505 aliisque
1232 1427 1405 1486 scholiastis
1431 1427 1468 1484 ad
1491 1427 1651 1504 epistulam

650 1533 676 1602 1,
697 1530 724 1588 8.
769 1529 851 1588 Idem
879 1539 1034 1607 praeterea
1060 1530 1092 1587 in
1114 1531 1359 1606 epistula1l,l3‚
1379 1531 1415 1590 15
1437 1529 1517 1588 nudo
1539 1547 1651 1607 eogno-

646 1632 726 1691 mine
742 1629 851 1693 Celsns
873 1632 992 1701 dicitur;
1016 1631 1130 1690 scholia
1150 1633 1191 1691 ibi
1214 1633 1288 1692 nihil
1304 1634 1454 1710 praebent.
1488 1630 1652 1708 Inscriptio

646 1734 795 1811 epistulae
817 1735 926 1811 prioris
948 1735 979 1792 in
1002 1735 1153 1794 codicibus
1168 1734 1365 1796 deterioribus
1380 1737 1421 1796 ud
1438 1733 1551 1793 Galeam
1567 1734 1652 1791 Albi·

645 1856 786 1896 novanum
812 1845 845 1896 nt
865 1855 919 1914 per
941 1854 973 1896 se
994 1837 1064 1896 fidei
1087 1845 1133 1896 est
1154 1838 1280 1910 nullius,
1307 1837 1350 1896 ita
1370 1837 1505 1896 ordinem
1527 1855 1652 1895 nomen·

646 1941 778 1999 elaturae
799 1947 901 2017 aperte
924 1939 1091 2016 desumpsit
1112 1959 1151 2000 ex
1173 1939 1321 2017 epistulae
1343 1939 1428 1998 initio

768 2042 849 2102 Celso
869 2043 994 2118 praedm
1015 2051 1041 2100 ct
1062 2043 1128 2100 benc
1150 2062 1207 2101 rem
1227 2061 1324 2119 perere
1345 2033 1536 2101 Albinouano.

646 2145 738 2223 Apud
761 2143 903 2204 Ovidium
925 2163 963 2202 ex
985 2143 1084 2203 Ponto
1109 2147 1135 2216 1,
1157 2146 1184 2203 9.
1208 2146 1234 2202 1.
1258 2145 1306 2202 4l.
1330 2145 1379 2216 44,
1401 2144 1548 2221 siqnidem
1570 2143 1651 2200 idem

646 2267 678 2306 re
701 2267 773 2306 vera
792 2246 955 2318 indicatur,
981 2247 1053 2306 item
1080 2246 1179 2306 Celeus
1201 2247 1308 2306 dicitnr
1331 2247 1514 2324 simpliciter.
1557 2245 1653 2304 Prae·

645 2369 753 2408 nomen
775 2349 939 2428 ignoratur.

563 2452 762 2512 Albinouanus
780 2451 860 2510 Pedo
881 2461 972 2530 poeta
993 2453 1106 2529 epicus,
1129 2452 1179 2528 qui
1201 2451 1251 2511 diu
1274 2452 1405 2511 creditus
1427 2461 1474 2511 est
1495 2450 1652 2528 epicedion

646 2554 740 2614 Drusi
762 2554 970 2632 composuisse
992 2554 1045 2630 (cs.
1061 2554 1187 2632 Hauptii
1202 2556 1266 2613 eins
1282 2541 1422 2614 carminis
1438 2554 1529 2612 editio
1549 2574 1580 2632 p.
1597 2552 1652 2627 17)

646 2659 683 2716 ab
700 2657 810 2718 Ovidio
832 2658 926 2716 semol
944 2657 976 2716 in
990 2656 1121 2734 epistula
1135 2676 1173 2715 ex
1188 2657 1287 2716 Ponto
1302 2659 1330 2730 4,
1350 2658 1397 2728 10,
1412 2658 1431 2715 4
1455 2657 1545 2733 (quae
1561 2656 1654 2714 etiam

645 2759 791 2837 instripta
811 2771 858 2818 est
877 2755 1100 2835 ‘Albinovano')
1122 2760 1165 2818 ita
1184 2754 1390 2819 ‘Albinovane'
1413 2759 1597 2837 appellatur;
1621 2758 1652 2814 in

647 2862 750 2922 eadem
774 2861 902 2939 epistula
924 2880 951 2919 r.
968 2863 1007 2921 65
1029 2860 1110 2920 Pedo
1133 2863 1241 2921 dicitur
1262 2863 1393 2939 itemque
1415 2863 1444 2934 4,
1468 2859 1516 2932 16,
1537 2860 1571 2930 6;
1599 2860 1652 2918 nbi

647 2965 732 3023 iuxta
753 2965 887 3023 Marsum
910 2977 940 3023 et
960 2963 1117 3023 Rabirium
1139 2964 1331 3023 nominantur
1350 2961 1530 3040 ‘Iliacusque
1549 2963 1654 3022 Macer

649 3067 843 3144 sidereusque
864 3060 969 3125 Pedo'.
1003 3065 1079 3126 Item
1102 3068 1181 3143 apud
1197 3065 1341 3128 Senecam
1361 3067 1502 3124 maiorem
1526 3084 1562 3124 eo
1583 3064 1653 3122 loco

648 3172 745 3247 (suas.
770 3171 801 3242 1,
824 3169 892 3246 14),
917 3187 976 3246 qno
999 3187 1102 3228 versus
1124 3170 1188 3228 eins
1211 3169 1247 3227 da
1268 3169 1458 3245 navigatione
1480 3165 1655 3226 Germanici

647 3273 840 3350 proferuntur
871 3291 967 3350 nuper
997 3273 1118 3348 saepius
1145 3273 1264 3331 tractati
1297 3271 1472 3347 (videantur
1498 3267 1654 3345 Hauptins

647 3375 779 3434 Hermae
794 3376 812 3436 3
829 3395 858 3452 p.
872 3373 992 3446 tussa,
1013 3374 1164 3450 Bergkius
1178 3376 1209 3433 in
1224 3375 1331 3433 indicis
1346 3393 1444 3432 rerum
1459 3373 1496 3430 ab
1510 3373 1654 3447 Augusto

647 3489 798 3555 gestarum
819 3476 1031 3536 retractatione
1052 3476 1147 3554 p.97.
1166 3477 1250 3554 114),
1271 3477 1349 3535 Pedo
1365 3476 1473 3535 dicitur
1487 3474 1575 3546 nude,
1598 3473 1655 3530 sed

647 3581 728 3659 apud
754 3581 879 3640 eundem
909 3579 977 3638 loco
1003 3596 1063 3637 non
1090 3580 1190 3638 minus
1218 3579 1314 3650 claro,
1341 3579 1391 3654 qui
1414 3587 1460 3637 est
1482 3575 1518 3634 dc
1540 3574 1653 3635 Ovidio

646 3685 765 3742 rhetore
788 3682 937 3759 (controv.
959 3680 987 3752 1,
1009 3679 1026 3738 1
1048 3679 1113 3756 [10]
1136 3701 1164 3758 p.
1184 3679 1307 3754 180,16
1330 3680 1444 3739 Kiessl.
1467 3680 1599 3754 itemque
1622 3677 1654 3736 in

649 3787 799 3863 excerptis
821 3805 850 3862 p.
868 3785 938 3858 133,
954 3783 1009 3860 13)
1032 3784 1119 3861 plene
1142 3792 1171 3842 et
1192 3784 1272 3842 insto
1291 3783 1532 3842 nomenclaturae
1547 3779 1655 3837 ordine

649 3889 848 3948 Albinovanus
860 3887 948 3946 Pedo.
971 3886 1072 3946 Minor
1085 3884 1198 3947 Seneca
1209 3887 1295 3964 epist.
1311 3883 1380 3957 111,
1395 3886 1431 3944 15
1444 3881 1653 3942 ‘fabulatorem

648 3985 920 4068 elegantissimum,
942 3989 1027 4047 cuins
1050 3988 1087 4047 de
1102 3985 1155 4065 Sp.
1171 3989 1300 4064 Papinio
1321 3981 1499 4064 ‘lychnobio'
1521 3984 1653 4062 lepidam

559 4083 562 4090 ¹
648 4091 902 4152 narratiunculam
928 4091 1032 4163 refert,
1059 4089 1202 4148 Psdorrcm
1222 4091 1433 4149 Albinovanum
1458 4088 1531 4146 dicit
1555 4094 1655 4145 trans·

648 4196 796 4273 positione
819 4211 891 4252 usus
914 4192 1040 4271 vulgari,
1063 4192 1145 4252 cuins
1168 4192 1227 4251 iam
1250 4192 1329 4270 apud
1343 4191 1508 4273 Varronem
1524 4199 1553 4248 ct
1569 4187 1656 4248 Cice-

648 4316 751 4356 ronem
774 4295 912 4374 exempla
934 4303 1038 4354 extant
1059 4313 1119 4353 non
1134 4294 1218 4354 nulla
1240 4295 1293 4370 (cf.
1308 4292 1487 4353 Mommseni
1501 4292 1655 4368 quaestio-

648 4417 701 4458 nes
725 4399 878 4458 Romanae
901 4399 914 4455 1
939 4416 969 4473 p.
985 4398 1022 4456 41
1047 4396 1114 4455 adn.
1133 4397 1196 4473 67),
1219 4396 1272 4455 sed
1293 4397 1381 4474 plura
1402 4396 1471 4454 inde
1493 4414 1511 4452 a
1533 4393 1655 4452 saeculo

648 4504 745 4579 primo
767 4501 963 4580 reperiuntur.
998 4497 1171 4574 cognomen
1194 4499 1289 4558 solnm
1312 4498 1443 4556 contenti
1466 4498 1586 4556 luerunt
1601 4512 1655 4570 po-

558 4621 560 4628 ’
648 4624 718 4663 nere
740 4603 889 4663 Martialis
909 4601 952 4678 (1,
969 4603 1018 4674 77,
1035 4601 1068 4677 5)
1092 4599 1295 4674 Quintilianus
1312 4600 1356 4677 (6,
1373 4601 1402 4672 3,
1419 4599 1467 4659 61.
1486 4599 1533 4671 10,
1552 4597 1579 4670 l,
1597 4596 1654 4672 90)

648 4707 771 4766 Tacitus
795 4705 877 4781 (ann.
896 4708 923 4778 1,
940 4704 1009 4780 60):
1032 4704 1153 4762 videtur
1170 4704 1250 4763 enim
1272 4703 1356 4762 Pedo
1377 4701 1545 4781 praefectus
1568 4698 1654 4774 equi·

648 4818 711 4868 tum
734 4806 922 4881 Germanici,
944 4827 1031 4885 quem
1053 4807 1093 4866 ibi
1116 4807 1264 4877 nominat,
1287 4825 1413 4864 revera
1433 4823 1492 4864 non
1514 4802 1654 4860 diversus

647 4911 742 4970 fnisse
764 4918 901 4988 aposta.
937 4912 1074 4986 Apparet
1095 4909 1187 4987 igitur
1208 4917 1241 4968 ut
1261 4909 1292 4967 in
1307 4907 1431 4967 Tibullo
1453 4905 1549 4968 Statio
1571 4904 1654 4962 Mar-

648 5014 712 5072 tiali
732 5014 870 5074 quenali
898 5031 1063 5090 cognomen
1090 5018 1197 5088 poetae
1219 5029 1326 5070 noman
1347 5011 1442 5070 fuisse
1464 5007 1558 5085 usque
1580 5023 1655 5082 qua-

648 5135 707 5194 que
727 5125 846 5194 potum,
873 5134 933 5176 non
954 5115 1152 5193 gentilicium,
1178 5121 1211 5173 nt
1232 5113 1263 5172 in
1284 5111 1502 5190 antiquioribus
1523 5107 1655 5167 Horatio

649 5219 784 5298 Vergilio
812 5218 981 5296 Propertio.
1031 5216 1117 5276 Haec
1143 5215 1212 5276 sola
1241 5215 1353 5278 suflicit
1379 5214 1457 5274 ratio
1484 5211 1522 5271 ad
1551 5210 1656 5270 redar-
