3510 5820
317 503 364 574 42

906 513 1054 574 HUBNER

315 693 532 755 Nouanrsnvs
560 695 752 756 Nomentanus
776 695 883 772 aliquis
904 697 1032 774 primum
1053 699 1222 756 nominatur
1243 697 1289 756 bis
1311 697 1342 756 in
1364 697 1458 756 altero
1481 697 1638 756 satirarum

641 797 865 857 Lucilianarum
886 798 962 858 libro
985 798 1143 874 (116et8
1165 800 1274 876 Mili).

558 899 765 960 Nomentanus
787 900 905 960 Horatii
926 903 964 960 ab
985 902 1042 961 hoc
1063 902 1200 961 diversus
1221 901 1257 960 L.
1281 899 1409 962 Cassius
1429 900 1637 962 Nomentanus

558 1003 766 1082 appellabatur
787 1003 949 1063 secundum
971 1004 1086 1062 scholia
1107 1004 1146 1062 ad
1167 1013 1223 1063 sat.
1241 1006 1268 1076 l,
1286 1005 1314 1076 1,
1332 1005 1387 1062 101
1412 1014 1441 1064 et
1463 1005 1492 1077 8,
1511 991 1558 1062 ll.
1602 1005 1639 1064 Iu

311 3155 484 3216 Nannenus

559 1106 675 1166 acholio
701 1105 1170 1178 mantuanensium
1191 1106 1363 1166 mumadam
1388 1107 1420 1166 in
1442 1105 1562 1166 Horatii
1591 1105 1640 1182 (ut

558 1210 665 1267 docent
685 1209 776 1268 verba
796 1213 826 1267 in
844 1213 945 1285 priora
967 1209 1052 1284 libro)
1074 1217 1126 1267 aut
1146 1208 1304 1269 delendum
1325 1211 1445 1269 omnino
1467 1229 1534 1268 cum
1549 1207 1585 1268 C.
1601 1208 1637 1268 F.

557 1310 731 1370 Hermanno
756 1313 787 1372 in
812 1311 926 1370 nuntiis
948 1309 1084 1388 Gottiug.
1112 1331 1139 1370 a.
1159 1312 1236 1371 1843
1261 1333 1290 1390 p.
1307 1312 1365 1372 379
1393 1321 1423 1371 et
1443 1310 1639 1371 Lachmanno

556 1414 587 1473 in
620 1415 772 1492 prooemio
800 1435 828 1473 a.
857 1413 945 1474 1849.
998 1412 1133 1473 Eundem
1159 1413 1395 1485 Nomentanum,
1422 1414 1506 1474 anias
1532 1433 1639 1474 cocum

558 1514 717 1577 Sallustius
738 1517 897 1575 historicus
919 1525 1040 1588 emerat,
1064 1515 1179 1577 Seneca
1199 1517 1237 1577 da
1258 1517 1321 1576 nita
1340 1518 1429 1576 beata
1445 1518 1480 1575 11
1503 1535 1565 1575 uns
1585 1535 1640 1574 no·

557 1619 651 1678 minat
672 1591 740 1678 eum¹
761 1619 878 1696 Apicio,
900 1599 1014 1678 scilicet
1036 1617 1077 1678 M.
1095 1617 1192 1679 Gavio
1207 1619 1314 1698 Apicio
1331 1619 1458 1696 Augusti
1480 1628 1510 1677 et
1523 1619 1640 1677 Tiberii

558 1721 675 1798 aequali
702 1720 815 1797 (nostra
836 1725 969 1780 numeria
990 1719 1105 1782 Sanaos
1126 1721 1163 1779 ud
1185 1721 1325 1781 Helviam
1348 1723 1409 1798 10).
1451 1721 1567 1780 Monuit
1590 1741 1639 1779 me

556 1823 593 1883 de
618 1825 665 1882 bis
685 1823 845 1901 Hauptius.
888 1824 994 1900 Itaque
1018 1825 1076 1883 hoc
1097 1833 1208 1883 certum
1231 1832 1277 1884 eat
1297 1824 1484 1902 cognominis
1506 1822 1640 1882 Nomen·

558 1927 618 1985 tani
646 1927 816 2002 exemplum
845 1927 978 2003 alioquin
1004 1927 1079 1997 rari3
1108 1927 1168 1985 nisi
1193 1927 1270 1986 forte
1295 1927 1325 1986 in
1354 1927 1473 1985 homine
1501 1926 1554 1984 illo
1582 1945 1638 2002 pro

556 2048 628 2087 vera
652 2030 767 2105 patriae
793 2029 974 2088 indicatione
1002 2029 1179 2089 habendum.
1225 2028 1304 2089 Nam
1333 2029 1410 2088 inter
1436 2048 1495 2112 non
1522 2045 1638 2104 paucos

557 2129 683 2190 Cassiae
709 2132 807 2208 gentis
834 2132 967 2209 plebeiae
993 2132 1129 2191 homiues
1153 2132 1222 2191 inda
1244 2131 1403 2192 assecula
1424 2132 1487 2192 fera
1509 2131 1638 2208 septimo

556 2235 636 2311 apud
664 2234 824 2310 scriptores
851 2235 1020 2293 nominatos
1047 2253 1134 2293 nemo
1160 2244 1314 2310 praeterea
1341 2252 1377 2292 ao
1407 2251 1481 2292 usus
1503 2242 1558 2292 est.
1603 2235 1640 2291 In

557 2321 680 2396 denario
701 2337 822 2414 quidem
842 2335 879 2394 L.
902 2337 989 2395 Atilii
1012 2334 1062 2410 (C.
1077 2337 1102 2395 1.
1117 2334 1155 2394 L.
1174 2336 1191 2394 Ι
1212 2335 1289 2408 32ος
1311 2356 1337 2394 v.
1360 2335 1577 2395 Mommsenam
1600 2335 1639 2394 de

556 2458 588 2497 ra
610 2440 777 2498 nummaria
798 2439 1000 2498 Romanorum
1022 2459 1050 2498 n.
1069 2438 1142 2516 116)
1164 2439 1258 2497 Nam.
1273 2481 1300 2497 ..
1323 2457 1487 2517 cognomen
1509 2446 1568 2497 tam
1590 2445 1641 2496 est

556 2541 721 2619 singulare,
748 2552 781 2600 ut
804 2543 841 2600 de
862 2542 988 2601 lectione
1009 2543 1072 2600 iure
1095 2541 1230 2601 dubitent
1249 2541 1348 2617 periti.
1391 2541 1543 2599 Alienon
1564 2541 1640 2599 novi

555 2644 695 2721 exempla
716 2644 869 2721 aliquanto
890 2645 1032 2715 illustria3
1055 2645 1125 2702 novi
1146 2644 1196 2703 Cn.
1220 2643 1370 2719 Vs'r[cs]am
1391 2643 1520 2720 aliquem
1541 2643 1592 2702 Cn.
1607 2645 1637 2716 s.

554 2747 761 2806 Nomentanum
782 2747 812 2804 in
834 2764 911 2824 pago
932 2745 1115 2806 Phuensium
1137 2745 1256 2805 Africae
1279 2764 1316 2804 ex
1332 2745 1471 2804 Reniemo
1492 2749 1578 2804 insa.
1603 2748 1640 2804 da

556 2849 646 2924 tnta
669 2848 760 2907 2448.
1099 2849 1102 2858 ’

597 2950 777 3010 Nomentani
791 2949 940 3010 Luciliuni
962 2969 1071 3010 nomen
1093 2951 1249 3028 quominus
1268 2950 1450 3030 gentilicium
1464 2949 1559 3009 fuisse
1573 2949 1638 3007 exi-

556 3054 720 3128 stimemus,
743 3071 802 3112 non
824 3071 999 3130 cognomen,
1021 3054 1096 3113 nibil
1117 3052 1249 3130 impedit.

559 3155 591 3214 C.
608 3155 769 3214 Norbanus
790 3155 905 3215 Bulbus
927 3155 1000 3233 (non
1021 3156 1153 3233 Balbus)
1176 3175 1237 3216 eos.
1261 3175 1288 3214 a.
1305 3155 1361 3214 671
1388 3155 1427 3230 (a
1445 3152 1478 3214 C.
1496 3152 1559 3230 83).
1604 3155 1638 3213 Is

562 3275 564 3278 ·
639 3259 877 3334 antiquissimiaa
900 3267 946 3318 est
967 3260 1057 3318 homo
1079 3260 1143 3318 eiua
1166 3259 1305 3331 nominis,
1326 3259 1364 3318 de
1385 3273 1450 3334 quo¹
1466 3256 1640 3316 testimonia

637 3361 790 3421 habemns.

558 3461 591 3522 C.
607 3463 762 3523 Norbanus
783 3464 914 3524 fortasse
935 3464 1016 3523 filius
1039 3465 1114 3538 sius,
1136 3465 1188 3541 qui
1202 3463 1363 3542 praecedit,
1386 3462 1520 3521 triumvir
1535 3480 1638 3520 mone-

637 3567 707 3625 talis
732 3567 762 3626 in
789 3567 911 3627 denario
934 3565 1102 3628 c.1.1..1
1122 3566 1197 3640 435,
1225 3576 1344 3644 praetor
1367 3563 1488 3626 Siciliae
1509 3583 1528 3621 a
1549 3561 1639 3622 Cica-

637 3689 709 3728 rone
730 3669 762 3727 in
775 3669 911 3730 Verriuis
932 3675 1114 3728 memoratur
1135 3669 1178 3745 (v.
1193 3670 1411 3728 Mommscnum
1426 3667 1462 3725 de
1476 3686 1508 3725 re
1523 3685 1637 3724 numm.

637 3771 724 3830 Rom.
747 3790 777 3847 p.
794 3773 852 3832 608
876 3771 1006 3848 11236).
1437 3837 1439 3846 ,

557 3873 589 3932 C.
612 3873 766 3932 Norbanus
787 3874 914 3934 Flaccus
935 3892 997 3934 eos.
1021 3893 1048 3933 a.
1065 3874 1125 3933 716
1148 3872 1188 3950 (a.
1206 3871 1240 3934 0.
1257 3873 1319 3948 38).

557 3973 590 4034 C.
613 3975 767 4036 Norbanus
790 3976 918 4036 Flaccus
944 3977 1024 4036 lilius
1053 3994 1112 4036 cos.
1141 3995 1169 4035 a.
1186 3975 1245 4034 716
1273 3975 1320 4051 (ut
1341 3975 1501 4034 Henzeuus
1530 3975 1639 4032 statuit
1697 4019 1699 4024 ,

636 4079 830 4154 probabiliter
852 4078 885 4138 C.
902 4081 925 4138 1.
941 4078 978 4139 L.
1001 4081 1016 4138 1
1036 4098 1066 4155 p.
1082 4080 1167 4155 450),
1190 4097 1250 4138 cos.
1274 4097 1300 4136 a.
1318 4077 1377 4136 730
1400 4076 1442 4152 (a.
1458 4074 1492 4135 C.
1510 4074 1573 4152 24).

557 4181 587 4240 C.
608 4180 763 4240 Norbanus
786 4182 913 4242 Flaccus
935 4200 996 4242 coa.
1020 4201 1045 4240 a
1063 4182 1123 4240 768
1146 4180 1188 4256 (p.
1206 4179 1240 4239 Ο.
1260 4180 1323 4257 15).

553 4281 591 4340 L.
612 4282 768 4343 Norbanus
790 4285 916 4344 Flaccus
938 4285 1052 4344 Balbus
1074 4300 1136 4343 cos.
1160 4303 1187 4341 a.
1203 4281 1263 4340 772
1286 4283 1330 4360 (p.
1346 4281 1380 4342 C.
1399 4282 1459 4357 19).

554 4384 711 4446 Norbanus
737 4387 846 4464 aliquis
874 4407 934 4446 una
956 4407 1022 4447 cum
1042 4386 1132 4445 Vibio
1159 4396 1340 4444 memoratus
1367 4385 1398 4444 in
1425 4384 1548 4442 denario
1575 4404 1638 4443 nou

636 4490 710 4548 satis
733 4501 831 4550 certae
852 4491 989 4550 lectionis
1013 4487 1047 4548 0.
1063 4490 1087 4547 Ι.
1103 4489 1139 4546 L.
1163 4487 1263 4547 1504.

552 4589 590 4649 L.
606 4591 761 4652 Norbanus
775 4593 890 4671 Appius
905 4594 1062 4663 Masi-mus,
1083 4591 1131 4649 bis
1147 4591 1253 4651 consul
1272 4600 1301 4648 et
1323 4611 1349 4672 a.
1365 4589 1404 4649 88
1427 4591 1542 4666 legatus
1555 4590 1638 4648 Pan·

634 4697 742 4756 uoniae
764 4716 802 4755 ax
816 4697 908 4756 Plinii
931 4695 1068 4773 epistulis
1084 4703 1113 4752 et
1128 4693 1259 4752 Martiali
1278 4702 1366 4752 notus
1389 4691 1441 4767 (cl.
1457 4693 1638 4752 Mommssni

633 4799 725 4858 index
747 4799 902 4858 Plinianus
924 4818 953 4875 p.
970 4796 1056 4871 401).

556 4900 588 4959 0.
611 4901 766 4960 Norbanus
795 4903 962 4973 Quadratus
988 4899 1157 4976 praefectus
1182 4905 1348 4958 castrorum
1373 4897 1578 4958 Alexandriae
1605 4900 1639 4960 in

634 5003 753 5063 Troada
776 5002 810 5063 0.
825 5005 851 5063 Ι.
866 5001 902 5060 L.
924 5003 975 5061 III
990 5003 1060 5061 381.

551 5105 590 5164 L.
614 5105 770 5166 Norbanus
791 5106 920 5165 Faustus
943 5104 1048 5182 Capua
1069 5103 1212 5162 oriundus
1233 5103 1318 5162 milas
1338 5104 1364 5161 I.
1379 5100 1419 5161 N.
1436 5102 1526 5162 3625.

556 5207 589 5266 0.
611 5207 766 5268 Norbanus
788 5207 889 5280 Sarra,
911 5207 1110 5267 secundarum
1132 5205 1286 5282 Pompeiis
1308 5205 1332 5264 1.
1348 5204 1387 5265 N.
1404 5204 1494 5265 2209.
