3540 5828
302 455 374 526 ‘256
659 474 963 526 ossusvsrrouss
990 474 1276 526 uercnnemone.

271 641 275 648 ¹
383 650 417 720 8.
460 646 738 722 Rhoemetalces
761 666 995 744 Rhescuporidis
1020 667 1101 726 filius
1133 665 1198 724 eius
1232 666 1354 742 dequo
1380 666 1468 725 modo
1496 666 1633 726 diximus

299 779 384 850 patre
399 789 516 842 everso,
531 789 598 828 curn
614 771 678 829 eius
695 769 828 828 consiliis
844 770 943 846 ipsum
959 769 1146 828 adversatum
1161 787 1229 828 csse
1243 779 1402 840 constaret,
1415 777 1531 847 partem
1547 771 1634 845 regni

300 875 338 933 ab
360 875 540 949 imperatore
555 872 679 931 Tiberio
702 869 866 948 aceepit1).
901 870 1015 931 Narrat
1029 869 1197 948 Tacitusl)
1220 872 1258 930 ad
1280 890 1307 929 a.
1325 869 1359 928 21
1386 871 1531 930 adversus
1554 873 1637 930 bunc

300 975 551 1046 Rhoemetalcen,
584 976 665 1052 quod
691 975 882 1052 popularium
908 974 1032 1033 iniurias
1060 973 1171 1032 inultas
1209 991 1276 1033 esse
1302 973 1427 1046 sineret,
1461 970 1637 1033 Coelaletae

302 1078 498 1156 Odrysasque
520 1087 550 1136 et
568 1076 647 1135 Dios
664 1076 813 1136 Thraciae
834 1077 962 1154 populos
985 1095 1069 1134 arma
1091 1075 1256 1153 sumpsisse
1277 1093 1402 1151 eumque
1425 1075 1637 1153 Philippopoli

278 1247 280 1250 ¹
303 1179 452 1240 inclusum
475 1179 637 1250 obsedisse,
661 1180 714 1238 sed
737 1179 922 1238 obsidionem
937 1179 1065 1237 solutam
1085 1195 1154 1238 essa
1168 1178 1314 1236 Romanis
1337 1177 1568 1238 adventantibus
1590 1197 1638 1237 re·

302 1284 408 1361 gisque
430 1284 501 1340 item
523 1290 692 1359 opportuna
714 1282 879 1359 eruptione.
916 1281 992 1340 Eam
1009 1281 1210 1340 narrationem
1230 1281 1354 1358 pulchre
1375 1281 1508 1340 illustrat
1530 1280 1638 1339 titulus

302 1385 442 1456 ineditus,
466 1402 553 1460 quem
577 1383 647 1441 dum
670 1385 743 1443 baec
758 1385 856 1443 scribo
871 1393 1038 1460 opportune
1059 1383 1157 1463 adme
1172 1383 1274 1441 attulit
1289 1383 1517 1442 Mordtmannus
1539 1383 1639 1442 bonae

304 1487 368 1564 spei
389 1487 507 1546 iuvenis
530 1497 688 1562 exceptum
711 1486 742 1544 in
763 1486 876 1563 Bizyae
897 1486 1007 1544 ruinis:

753 1604 836 1646 eeu
869 1604 972 1648 arrw
1000 1603 1188 1654 γΨιετνιι

727 1707 869 1748 ·rusr
906 1707 986 1750 ruz
1024 1707 1187 1752 sorren

755 1807 931 1852 rancor
965 1811 1029 1851 aar
1073 1808 1187 1852 urso

756 1900 927 1954 Auernos
963 1912 1004 1954 εκ
1040 1911 1115 1954 ror
1143 1912 1188 1953 κΑ

756 2013 797 2056 τΑ
843 2014 908 2058 rou
953 2012 1186 2058 xormaurrrorc

758 2114 943 2158 noasraoru
992 2115 1189 2159 rruarrror

755 2217 933 2261 turserat
961 2217 1191 2260 erasusuot

758 2320 821 2362 aar
858 2319 1045 2362 eurrrxoru
1080 2320 1188 2364 raros

757 2421 912 2466 rornroz
935 2421 1082 2465 uroroz
1103 2422 1189 2465 xaer

758 2523 880 2567 rrrrnorc

307 2621 373 2696 Cepi
394 2611 467 2695 ἁγίῳ
490 2609 609 2694 ὁψῖττῳ
633 2606 701 2699 ὑπὲρ
724 2619 775 2684 τῆς
788 2608 992 2687 Ῥοιμητάλκου
1015 2607 1063 2676 καὶ
1079 2609 1285 2702 Πυθοδῶριδος
1306 2616 1338 2676 ἐκ
1355 2619 1408 2676 τοῦ
1420 2612 1496 2675 κατὰ
1511 2611 1560 2675 τδν
1576 2621 1646 2676 Κοι-

308 2715 490 2800 λᾱ[λ]ητικο“ν
516 2711 637 2788 adtraat
658 2715 787 2778 κινδύνου
810 2714 947 2803 σωτηρίας
978 2711 1135 2800 εὐξάμενος
1167 2710 1215 2778 καὶ
1243 2714 1392 2800 ἐπιτυχών
1420 2711 1506 2778 Γάιος
1524 2709 1648 2780 Ἰούλιος

309 2817 416 2904 Πρὸκσς
439 2821 522 2901 [fort.
542 2812 682 2903 Πρόκλος]
705 2811 936 2904 χαριστ[ἥρι]ον.
969 2817 1162 2899 Pythodoiis,
1185 2841 1276 2899 quam
1298 2832 1381 2900 patet
1401 2843 1462 2881 une
1484 2841 1552 2881 cum
1574 2841 1648 2900 rege

308 2924 524 2986 Rhoemetalce
534 2924 843 3002 fnissePhilippopoli
856 2943 921 2983 eum
938 2925 1008 2982 urbs
1025 2924 1222 2997 obsideretur,
1237 2944 1298 2984 non
1313 2926 1400 2983 video
1416 2944 1469 2982 cur
1479 2944 1539 2984 non
1556 2925 1649 2984 luerit

313 3029 381 3088 avia
395 3027 532 3087 =filiorum
549 3024 653 3103 Cotyis
676 3035 706 3086 et
721 3026 933 3103 Tryphaenam
956 3045 1024 3085 nam
1048 3047 1074 3086 a.
1091 3037 1170 3087 certa
1192 3027 1228 3085 19
1252 3046 1316 3086 earn
1340 3027 1492 3086 etiamtum
1515 3029 1546 3085 in
1570 3028 1648 3088 vivia

310 3132 405 3190 fuisse
427 3129 547 3189 aliunde
564 3139 691 3200 constat,
713 3147 810 3204 neque
825 3130 985 3204 quicquam
1001 3130 1101 3188 obstat
1115 3131 1274 3206 quominus
1289 3148 1325 3189 eo
1341 3138 1476 3207 tempore
1491 3145 1529 3187 ex
1544 3129 1647 3188 Ponto

310 3235 341 3293 in
360 3232 521 3292 Thraciam
537 3231 671 3308 proiecta
693 3232 732 3289 sit
746 3230 785 3288 ad
804 3229 897 3288 filiam
912 3231 1001 3290 caede
1017 3231 1115 3290 mariti
1130 3231 1270 3290 afflictam
1294 3241 1479 3309 nepotesque
1500 3231 1648 3308 parvulos

310 3334 464 3395 visendos.
488 3369 526 3378 -
550 3333 633 3391 Idem
655 3333 883 3392 Rhoemetalces
906 3351 931 3390 a.
955 3331 1162 3392 seiromaste
1190 3333 1334 3392 adversus
1363 3333 1524 3410 populares
1550 3333 1647 3393 rebel-

310 3440 408 3497 lantes
431 3435 547 3495 auxilia
568 3430 699 3510 misici).
731 3434 807 3493 Post
828 3455 896 3493 eum
918 3451 1028 3494 aunum
1044 3436 1174 3511 amplius
1189 3454 1250 3494 non
1265 3445 1524 3506 commemoratur.
1559 3435 1643 3495 Fieri

312 3547 413 3617 potest
433 3547 466 3596 ut
487 3537 525 3594 ad
548 3534 659 3596 Gaium
687 3553 782 3612 usque
808 3557 932 3615 regnum
955 3537 1137 3612 protraxerit
1165 3545 1196 3596 et
1217 3537 1306 3594 simul
1328 3537 1462 3617 regnarit
1483 3557 1549 3596 cum
1572 3555 1643 3614 cog·

311 3642 431 3701 nomine
447 3637 553 3716 Cotyis
575 3639 652 3710 filio;
676 3639 792 3698 videtur
814 3637 987 3728 tamen-Gai
1009 3640 1179 3718 principatu
1194 3639 1326 3698 Thracia
1348 3641 1490 3698 universa
1511 3639 1568 3699 sub
1585 3659 1647 3698 nno

311 3762 381 3820 rege
401 3742 495 3802 luisse
517 3761 613 3818 eoque
635 3742 697 3799 filio
714 3741 831 3819 Cotyis,
853 3743 952 3816 itaque
976 3742 1071 3818 inagis
1094 3741 1521 3800 crediderim'Rhoemetalcen
1547 3741 1648 3800 Rhes-

313 3845 467 3924 cuporidis
489 3845 583 3903 filium
603 3844 767 3920 imperante
788 3843 911 3903 Tiberio
934 3853 986 3902 aut
1001 3844 1078 3903 diem
1099 3844 1213 3904 obiisse
1235 3853 1286 3902 aut
1307 3825 1401 3923 regno
1423 3851 1555 3903 amotum
1578 3862 1648 3904 esse

313 3968 368 4008 nec
389 3965 567 4025 quemquam
590 3946 617 4004 ei
639 3947 832 4005 successisse.

399 4116 433 4188 9.
475 4110 753 4187 Rhoemetalces
776 4131 881 4210 Cotyis
903 4133 982 4191 filius
1010 4139 1082 4190 natu
1110 4131 1260 4190 maximus
1287 4133 1366 4210 putri
1390 4132 1422 4190 in
1448 4143 1534 4209 parte
1563 4137 1649 4212 regni

316 4237 397 4315 (narn
421 4237 516 4295 altera
537 4253 607 4313 pars
630 4235 701 4299 data
722 4245 769 4294 est
794 4236 821 4294 ei
849 4235 886 4293 de
912 4255 971 4312 quo
994 4235 1082 4292 modo
1105 4233 1237 4293 diximus
1258 4234 1490 4294 Rhoemetalces
1511 4235 1650 4296 Rhescu-

314 4339 430 4418 poridis
445 4338 522 4414 filio)
546 4338 693 4398 successit
714 4357 738 4397 c.
756 4357 782 4397 a.
800 4337 837 4396 19
860 4337 959 4396 infans
980 4336 1131 4394 etiamtum
1154 4344 1251 4396 tutore
1266 4337 1303 4396 T.
1319 4336 1500 4396 Trebelleno
1515 4337 1650 4417 Ruf04).

318 4459 522 4472 m—

393 4525 417 4590 ¹)
444 4527 551 4578 Tacitus
570 4543 630 4578 ann.
652 4530 676 4590 2,
698 4529 742 4578 67.
1531 4571 1534 4588 ,

392 4616 417 4681 ²)
442 4633 503 4669 anu.
524 4621 549 4683 3,
564 4622 607 4672 38.
622 4622 666 4671 39.
695 4620 735 4670 Cf.
750 4619 807 4682 4,5
827 4619 861 4670 ad
880 4619 965 4668 aed:
991 4615 1139 4668 Thraeciam
1162 4615 1347 4667 Rhoemetalces
1366 4633 1397 4668 ac
1417 4615 1492 4669 liberi
1506 4616 1651 4686 Cotyis...

319 4707 471 4762 obtectam.
1372 4699 1376 4704 ¹

394 4800 418 4866 ¹)
443 4803 549 4854 Tacitus
568 4817 628 4854 ann.
643 4806 668 4866 4,
684 4805 709 4854 5.

395 4893 420 4956 ⁴)
445 4893 530 4948 Strsb.
550 4897 567 4945 l.
588 4913 623 4947 a:
643 4886 658 4960 ἦ
677 4892 720 4963 μὶν
740 4895 900 4957 (Polemonis
919 4895 983 4957 lilia)
1003 4882 1082 4956 ldu'Sn
1102 4895 1183 4945 Kena
1201 4893 1234 4958 τῷ
1246 4888 1362 4958 Eunaia,
1383 4889 1601 4962 δολοψονηθίηος
1621 4893 1651 4948 dl

320 4975 442 5057 Ιχῆρευσι
462 4982 552 5044 παῖδας
572 4982 671 5059 ἔχουσα
691 4985 718 5056 lg
738 4985 814 5040 αὐτοῦ
833 4986 913 5055 (τρεῖς
930 4989 979 5038 ins.
993 4989 1024 5038 Ε.
1039 4987 1142 5038 Curtius
1162 4990 1189 5038 in
1205 4989 1268 5038 actis
1282 4989 1374 5037 minor.
1390 4989 1463 5040 acad.
1476 4988 1563 5038 Berol.
1581 4991 1653 5042 1874

319 5095 344 5143 p.
360 5082 394 5128 10
413 5079 607 5145 probabiliter)·
628 5075 767 5130 δυναστιίει
791 5077 815 5130 δ’
835 5071 847 5132 ὅ
866 5069 1037 5147 πρεσβύτατος
1056 5076 1142 5129 αὐτῶν.
1181 5081 1290 5146 Scripsit
1311 5079 1406 5131 Strabo
1431 5080 1481 5131 boc
1504 5081 1562 5147 ipso
1586 5089 1651 5134 tem·

306 5173 382 5239 'pore
403 5186 425 5221 a.
443 5173 474 5224 19
495 5173 535 5222 vel
554 5174 641 5238 paullo
661 5181 760 5240 postea.
1625 5181 1626 5184 ’
