3466 5820
333 428 406 554 280
892 502 1095 554 numanus

331 678 418 736 datur
440 679 683 758 confirmaturus,
710 678 864 754 eidemque
886 678 917 736 id
938 679 986 735 ius
1009 676 1147 736 tribuitur
1168 675 1246 752 apud
1268 677 1343 736 iuris
1366 671 1552 750 auctores¹).
1599 675 1662 732 Res

330 780 420 858 igitur
446 781 510 838 sine
538 780 627 838 dubio
653 781 696 839 ita
721 798 754 838 se
779 781 921 850 habebat,
948 790 980 839 ut
1006 787 1127 838 senatus
1152 779 1231 837 intra
1251 779 1369 837 Italiam
1391 767 1420 835 et
1440 779 1471 836 in
1492 777 1662 854 provinciis

330 884 367 941 ab
396 883 462 958 ipso
492 883 720 954 administrate,
754 885 824 943 item
850 885 1013 960 imperator
1041 884 1070 941 in
1101 884 1139 941 iis
1167 882 1328 958 provinciis
1355 899 1431 957 quas
1458 899 1512 956 per
1541 881 1662 958 legatos

329 994 596 1062 procuratoresque
618 1004 690 1044 snos
713 988 835 1064 regebat
856 988 902 1044 ius
925 985 1123 1044 nundinarum
1147 985 1378 1042 exercendarum
1401 985 1549 1042 tribueret.

412 1087 572 1148 Nundinae
599 1088 644 1146 bis
673 1088 797 1165 singulis
831 1089 984 1147 mensibus
1014 1089 1168 1147 habentur.
1212 1087 1295 1146 Idem
1327 1087 1475 1163 reperitur
1507 1087 1538 1142 in
1571 1084 1661 1142 titulo

329 1189 446 1249 Graeco
477 1209 568 1266 supra
597 1191 717 1274 laudato
744 1201 774 1249 et
796 1192 826 1248 in
848 1190 942 1249 altero
965 1190 1107 1249 Africano
1130 1191 1199 1248 hoc:
1235 1190 1362 1248 Antonia
1385 1188 1422 1247 L.
1443 1192 1471 1264 s.
1495 1188 1659 1247 Saturnino

327 1293 445 1370 vicu(m)
474 1304 500 1352 et
523 1294 651 1351 nundina
681 1294 710 1352 V
726 1293 893 1370 leul(enclae)
916 1302 942 1351 et
971 1293 1000 1350 V
1016 1295 1081 1350 idua
1108 1297 1153 1350 ani
1175 1295 1309 1369 cuiusque
1330 1285 1434 1350 mensis'
1454 1287 1658 1364 constimit²);

328 1395 478 1454 nundinae
504 1415 558 1472 per
584 1396 719 1472 singulas
747 1395 950 1454 hebdomadas
972 1395 1019 1452 die
1042 1393 1122 1453 Solis
1145 1395 1259 1452 scilicet
1281 1401 1364 1453 actae
1386 1402 1661 1454 commemorentur

328 1499 358 1556 in
380 1497 467 1556 titulo
487 1498 659 1556 Pannonico
682 1499 883 1572 supracitato
905 1498 1012 1556 aetatis
1036 1495 1311 1556 constantinianae.

412 1600 548 1675 Denique
576 1601 611 1658 de
640 1600 714 1659 actis
741 1608 871 1659 senatus·
891 1620 929 1658 ex
955 1600 1013 1658 hoc
1039 1609 1232 1658 monumento
1259 1601 1315 1657 hoc
1342 1600 1524 1658 addiscimus
1555 1599 1659 1655 librum

328 1706 527 1762 sententiarum
554 1705 585 1762 in
614 1711 714 1761 senatu
744 1705 883 1761 dictorum
912 1704 949 1762 ab
978 1721 1013 1760 eo
1041 1702 1121 1777 quod
1150 1703 1325 1778 plerumque
1353 1715 1418 1762 octa
1447 1701 1491 1759 rel
1522 1720 1660 1760 ceramen-

327 1809 398 1864 tarii
434 1814 548 1864 senates
584 1805 752 1881 appellatur
784 1824 843 1864 non
877 1805 1028 1864 diversum
1066 1823 1142 1864 esse.
1197 1804 1341 1864 Videmus
1374 1806 1433 1863 iam
1470 1805 1659 1880 singulorum

327 1927 472 1966 annorum
508 1916 576 1966 acta
609 1907 639 1964 in
673 1907 765 1966 libros
798 1908 935 1985 singulos
967 1907 1124 1966 consulum
1156 1909 1374 1966 ordinariorum
1408 1908 1581 1966 nominibus
1615 1909 1659 1966 in-

326 2011 456 2087 scriptos
485 2009 611 2068 collecta
639 2022 670 2069 et
696 2010 802 2068 deinde
829 2011 859 2068 in
886 2011 991 2085 kapite
1017 2009 1114 2068 divisa
1142 2028 1223 2069 esse:
1253 2028 1271 2069 κ
1297 2012 1374 2069 enim
1401 2011 1502 2068 littera
1526 2010 1659 2068 dubitari

324 2115 377 2171 vix
404 2120 503 2188 potest
529 2113 602 2187 quin
627 2113 722 2188 kaput
748 2112 874 2189 legenda
900 2113 948 2172 sit.
992 2110 1148 2171 Contineri
1175 2122 1272 2172 autem
1299 2113 1406 2172 dicitur
1430 2113 1462 2170 in
1486 2113 1566 2171 libro
1589 2130 1658 2170 sen·

326 2217 482 2275 tentiarum
514 2223 633 2290 praeter
661 2216 816 2274 consulum
843 2206 1017 2274 relationem
1046 2215 1206 2291 ipsumque
1236 2216 1405 2274 consultum
1434 2218 1500 2272 iura
1527 2214 1658 2290 (Lucili)

326 2319 470 2394 Africani.
515 2316 601 2391 Quae
622 2303 690 2376 iura
711 2320 797 2378 ouius
819 2319 937 2394 generis
959 2318 1071 2376 fuerint
1092 2335 1153 2376 non
1174 2319 1282 2377 dicitur
1303 2336 1358 2376 nec
1379 2317 1559 2376 coniecturis
1584 2317 1658 2375 mul-

325 2431 389 2480 tum
417 2419 598 2496 proficimus.
650 2419 713 2478 Vix
743 2423 910 2498 oomparari
937 2429 1037 2496 potest
1066 2430 1289 2478 monumentum
1317 2419 1553 2479 Baetocecense:
1588 2439 1657 2479 nam

325 2525 351 2581 si
377 2523 520 2581 Africano
548 2523 595 2580 ius
622 2522 728 2581 inisset
754 2543 772 2582 a
798 2523 963 2582 maioribus
990 2534 1143 2598 acceptum
1171 2522 1317 2582 nundinas
1345 2523 1467 2600 agendi,
1501 2542 1519 2580 a
1549 2530 1657 2584 senatu

324 2645 383 2684 non
411 2635 472 2684 tam
499 2635 531 2684 ut
558 2625 615 2692 sibi
642 2625 789 2684 nundinas
817 2626 972 2684 instituere
998 2626 1107 2684 habere
1136 2626 1239 2684 liceret
1265 2633 1366 2700 petere
1392 2624 1532 2697 debebat,
1564 2645 1656 2701 quam

324 2738 357 2787 ut
377 2729 423 2787 ius
444 2728 502 2786 sibi
524 2729 749 2787 confirmaretur
772 2729 818 2786 rel
842 2729 868 2787 si
890 2729 1005 2798 irritum
1028 2729 1138 2787 factum
1161 2737 1226 2787 erat
1247 2748 1308 2787 non
1329 2729 1448 2800 utenda,
1471 2739 1504 2787 ut
1517 2731 1655 2788 restitue-

323 2841 414 2890 retur.
469 2827 529 2889 Sed
556 2829 685 2888 iortasse
713 2830 772 2888 iam
800 2831 869 2890 inde
896 2851 915 2888 a
948 2830 1061 2890 Tiberii
1090 2832 1274 2907 temporibus
1301 2830 1473 2889 Musulamii
1506 2833 1564 2890 hoc
1590 2832 1655 2891 loco

242 2993 243 2998 .
322 2932 469 2992 nundinas
490 2933 627 3010 agebant,
654 2951 754 2992 earum
779 2943 878 2991 autem
899 2934 946 2991 ius
967 2933 1109 2992 tributum
1132 2941 1197 2992 erat
1220 2935 1266 2991 vel
1289 2933 1347 3008 ipsi
1368 2926 1448 3009 genti
1470 2935 1519 2992 vel
1541 2935 1594 2994 uni
1617 2956 1655 2993 ex

322 3036 506 3112 principibus
535 3035 613 3093 eius:
647 3043 779 3112 tempore
800 3037 969 3114 posteriore
991 3037 1086 3094 maior
1113 3037 1253 3096 territorii
1281 3055 1352 3112 pars
1374 3037 1405 3095 iu
1427 3038 1653 3114 possessionem

324 3277 528 3288 uuo—uu·—

399 3456 422 3518 ¹)
447 3457 525 3522 Corp.
544 3457 587 3507 111
606 3473 631 3507 n.
647 3459 699 3508 184
729 3456 792 3521 (rep.
817 3457 844 3507 in
869 3458 926 3506 rico
945 3457 1088 3507 Baetocece
1108 3457 1208 3522 Syriae)
1238 3457 1374 3508 exhibetur
1401 3459 1512 3522 primum
1542 3460 1654 3524 epistula

322 3549 446 3602 Antiochi
464 3550 604 3609 cuiusdam,
625 3550 717 3614 Syriae
737 3551 811 3614 regis,
833 3565 884 3614 qua
901 3550 958 3600 Ion
978 3549 1157 3600 Baetoteeensi
1177 3551 1248 3600 vicus
1268 3567 1325 3600 cum
1346 3551 1514 3614 vectigalibus
1534 3553 1656 3602 tribuitur

321 3651 347 3692 et
366 3643 458 3693 deinde
479 3643 574 3692 vicanis
593 3643 760 3706 permittitur:
781 3630 887 3708 ἄγωνται
906 3638 933 3691 dl
946 3639 986 3691 nal
1006 3631 1068 3691 nand
1087 3640 1148 3710 μῆνα
1167 3633 1345 3711 πανη[γ]υ’ριις
1364 3635 1462 3698 ἀτελεῖς
1480 3640 1512 3714 τῇ
1530 3661 1656 3694 arnasan-

322 3723 411 3806 δεκᾶτῃ
424 3728 466 3784 καὶ
478 3722 593 3803 spemin
606 3734 661 3782 κτλ.
688 3736 810 3799 Sequitur
822 3721 939 3801 ψήφισμα
952 3732 995 3799 τῆς
1007 3723 1103 3790 vedittur
1121 3728 1270 3804 πιμ[ῲ]θδν
1282 3733 1336 3798 θεῷ
1349 3722 1495 3801 Αὐγοῦστῳ.
1535 3735 1657 3804 Denique

322 3829 455 3879 Gallienus
469 3835 495 3877 et
506 3828 660 3877 Valerianus
673 3829 840 3891 imperatores
859 3829 976 3878 edicunt:
995 3843 1079 3893 repam
1099 3829 1204 3894 antiqua
1224 3826 1341 3894 lerrcficio
1360 3826 1535 3877 corrsnctrnlt'ne
1555 3827 1655 3892 [epium

320 3921 425 3970 insecuri
443 3920 559 3986 temporis
583 3917 726 3986 adprobata
745 3921 768 3968 n's
787 3921 831 3986 qui
849 3921 1009 3987 prouinciam
1028 3921 1106 3986 repit,
1135 3927 1229 3970 remota
1253 3920 1373 3970 uiolentia
1395 3918 1506 3986 part[r]a
1531 3919 1656 3974 adoerm

320 4013 454 4063 incolumia
472 4010 544 4062 cobis
563 4028 660 4062 manere
679 4011 786 4062 curabit.
825 4013 902 4078 Corp.
922 4014 964 4064 111
982 4031 1008 4066 n.
1023 4014 1093 4062 4121
1120 4013 1184 4078 (rep.
1204 4029 1284 4077 prope
1303 4013 1443 4062 Warasdin
1467 4013 1494 4062 in
1515 4013 1656 4066 Pannonia

319 4106 462 4170 superiore)
482 4103 546 4171 Imp.
570 4101 640 4154 Caes.
659 4101 796 4166 'Fl(aer'ue)
821 4102 957 4167 Vadatur)
981 4103 1155 4156 Constantinus
1178 4107 1241 4172 pirre
1260 4105 1331 4170 felin
1357 4107 1477 4154 mocimus
1499 4107 1656 4174 Aufinates)

320 4196 489 4264 aquationes
508 4198 566 4246 olim
584 4198 612 4246 ci
625 4193 891 4265 [dyniacensumptaa
914 4214 966 4248 cum
986 4196 1130 4264 porticibus
1148 4205 1173 4247 ct
1191 4196 1321 4260 omnldprs)
1342 4199 1493 4248 ornamentis
1512 4199 1549 4248 ad
1562 4203 1656 4267 pristi-

319 4307 376 4340 nam
386 4290 483 4355 sociem
502 4291 619 4352 restituit,
641 4291 789 4358 precisione
809 4292 882 4340 etiam
899 4292 1004 4358 pietalis
1022 4307 1081 4340 auae
1100 4289 1226 4340 nundinas
1245 4289 1286 4340 die
1305 4289 1375 4340 Solis
1392 4292 1492 4358 perpeti
1509 4309 1576 4342 aranu
1598 4310 1656 4344 con-

318 4384 400 4433 stituit
417 4389 519 4432 curante
543 4379 667 4446 Val(err'o)
690 4381 815 4433 Cutnllino
836 4383 911 4446 u(r'ro)
933 4367 1137 4450 p(e‘rseotiseimo)
1161 4381 1325 4450 p[r](aeside)
1350 4383 1519 4446 p(·rouincine)
1540 4383 1655 4446 P(unno-

318 4475 386 4537 niae)
405 4475 573 4541 repertione).
611 4477 712 4541 Digest.
728 4477 771 4538 50,
794 4479 836 4538 11,
861 4480 874 4526 1
894 4477 1056 4527 Modestinus
1076 4476 1142 4526 libro
1163 4479 1238 4526 tertio
1258 4478 1417 4540 regularum:
1436 4475 1557 4528 nundinia
1577 4481 1653 4547 impe-

319 4569 394 4618 tratis
414 4585 430 4617 u
444 4568 564 4635 principe
583 4585 631 4618 non
650 4567 740 4618 utendo
760 4570 804 4636 pul
821 4571 910 4618 mereret
929 4567 1031 4620 decenni
1049 4576 1155 4635 ternpore
1173 4585 1243 4618 nram
1263 4570 1361 4618 amitt-it.
1401 4569 1466 4619 Cod.
1486 4570 1554 4620 Just.
1574 4575 1601 4634 4,
1617 4573 1652 4622 60

318 4661 402 4726 Impp.
416 4662 612 4712 Valentinianus
633 4669 658 4710 et
671 4661 769 4711 Valens
789 4663 849 4713 AA-
869 4663 903 4711 ad
922 4663 1037 4712 Probum
1055 4679 1081 4727 p.
1102 4678 1140 4726 p.:
1163 4658 1213 4720 Qut
1230 4661 1420 4712 exercendorum
1438 4669 1590 4712 mercatorum
1610 4673 1656 4714 out

318 4752 484 4804 nundinarum
503 4754 629 4804 licentiam
649 4753 689 4804 uel
707 4761 815 4805 ueterum
834 4753 931 4804 indulto
950 4754 992 4805 vel
1018 4761 1105 4805 nostra
1132 4757 1281 4804 auctoritate
1300 4762 1446 4816 mernerunt,
1477 4756 1515 4805 ita
1535 4754 1651 4822 beneficio

317 4847 439 4912 rescripti
454 4848 586 4914 potiuntur
605 4855 652 4897 cet.

395 4989 419 5055 ²)
444 4994 509 5057 Rep.
529 4994 555 5042 in
575 4994 656 5043 ruinis
676 4993 750 5044 dictis
770 4993 821 5044 Ain
841 4991 958 5046 Mechiro
976 4997 1004 5046 in
1028 4996 1163 5060 provincia
1181 4995 1305 5046 Numidia
1326 4995 1457 5045 adminuere
1476 4993 1507 5044 de
1529 4991 1650 5045 Constan-

318 5085 369 5135 tine
390 5085 490 5149 185819
511 5102 536 5151 p.
553 5087 604 5135 121
627 5101 652 5136 n.
669 5085 710 5135 15.
