3540 5828
339 479 387 547 94
950 497 1054 550 nossr

339 678 409 745 post
425 668 494 728 Chr.
512 670 684 745 71-741),
709 669 875 728 106-109
887 667 929 746 ⁹):
953 671 1108 728 columnas
1131 671 1205 728 duas
1228 672 1359 746 reliquas
1383 689 1519 728 seorsum
1539 671 1670 746 scriptas

338 771 468 829 nondum
490 773 579 830 certis
600 773 676 829 lieet
703 774 790 830 annis
813 773 979 848 adsignare.
1024 773 1138 851 Elapso
1164 773 1272 831 iterum
1299 773 1407 850 integri
1435 792 1529 848 paene
1553 772 1669 830 saeculi

339 874 512 946 intervallo,
540 892 607 932 eece
634 875 711 930 aliae
733 875 938 932 huiuscemodi
960 875 1105 932 fastorum
1127 875 1284 950 reliquiae,
1314 875 1364 932 sed
1387 876 1509 933 meliore
1531 874 1669 932 noudum

339 977 446 1048 sidere,
469 976 624 1052 prodeunt.
662 977 712 1034 Ad
734 995 829 1034 annos
851 977 998 1052 pertinent
1020 977 1057 1034 ab
1080 999 1108 1034 u.
1124 996 1149 1035 e.
1166 977 1341 1048 304-306,
1364 976 1537 1048 att—542,
1560 979 1668 1036 551-

341 1079 411 1150 554,
435 1098 462 1154 p.
480 1077 550 1137 Chr.
567 1078 700 1138 40—43.
734 1078 895 1136 Praeterea
915 1079 1017 1155 plures
1040 1079 1148 1137 diversi
1170 1080 1287 1156 generis
1307 1080 1516 1155 inscriptiones
1532 1081 1570 1136 ad
1586 1079 1670 1138 Iovis

338 1180 453 1238 latiaris
476 1181 619 1257 templum
641 1181 821 1258 pertinentes
843 1181 1002 1240 latinarum
1026 1183 1201 1262 fragmentis
1224 1192 1309 1239 eraut
1329 1182 1505 1259 permixtae.
1550 1179 1672 1240 Cuncta

340 1284 412 1340 haee
435 1302 529 1359 nuper
550 1284 671 1340 inventa
693 1283 785 1340 edidit
804 1282 965 1340 Henzenus
989 1283 1085 1358 (Ball.
1102 1285 1167 1342 dell’
1185 1285 1237 1342 Ist.
1256 1285 1345 1355 1870,
1372 1282 1564 1358 rsa-137),
1588 1302 1672 1342 com·

341 1385 485 1442 mentatio
509 1386 628 1442 ornavit
649 1385 854 1442 Mommseuus
878 1383 1011 1460 (Hermes
1027 1385 1065 1456 Y,
1089 1385 1277 1462 sss-382),
1299 1386 1444 1444 fastorum
1467 1394 1568 1460 partes
1591 1387 1672 1444 auti·

340 1488 460 1566 quiores
488 1488 584 1563 primo
611 1488 700 1544 huius
726 1487 923 1562 ephemeridis
950 1488 1095 1545 fasciculo
1122 1489 1248 1546 inseruit
1274 1487 1461 1546 Bormsuuus
1489 1509 1518 1564 p.
1542 1487 1594 1562 42,
1619 1490 1671 1546 43.

341 1587 399 1648 Sed
415 1589 576 1648 frustulum
593 1589 723 1646 omnium
746 1591 1037 1664 praestantissimum
1061 1591 1098 1648 ad
1114 1609 1209 1648 anuos
1231 1592 1383 1666 pertinens
1400 1589 1574 1660 sos-306,
1599 1591 1671 1648 dum

340 1692 462 1768 antiqua
483 1710 631 1756 marmora
655 1711 693 1749 ex
716 1691 831 1749 horreis
854 1712 976 1770 operum
1004 1693 1190 1768 publicorum
1221 1694 1252 1750 in
1274 1692 1444 1750 Palatinum
1466 1702 1672 1768 asportantur,

339 1795 440 1856 nescio
462 1812 523 1870 quo
545 1813 617 1853 casu
639 1795 794 1872 delapsum
816 1793 861 1852 vel
887 1795 918 1852 iu
941 1795 1050 1872 angulo
1073 1795 1256 1867 derelictum,
1284 1795 1377 1853 multa
1399 1794 1505 1852 deinde
1527 1814 1601 1852 eura
1622 1814 1673 1852 rue

339 1896 492 1972 flagitante
518 1898 686 1973 quaesitum
716 1896 840 1972 reperiri
870 1917 930 1977 uon
957 1899 1062 1973 potuit.
1107 1895 1216 1956 Cetera
1236 1917 1332 1973 nuper
1352 1899 1474 1955 iuventa
1498 1897 1674 1972 fragmenta

339 1998 370 2056 in
392 1999 531 2058 Palatino
554 2007 718 2057 servantur.

423 2101 512 2160 Brevi
535 2102 590 2160 hae
612 2102 781 2160 narratione
803 2101 903 2178 palam
925 2102 958 2160 fit
979 2103 1082 2180 templi
1097 2103 1180 2160 lovis
1200 2102 1316 2160 latiaris
1338 2103 1441 2160 ruinas
1462 2101 1595 2159 fortuitis
1618 2119 1668 2158 ca-

340 2204 421 2262 sibus
436 2205 528 2262 variis
544 2205 708 2281 temporum
728 2204 895 2262 intervallis
919 2213 1087 2281 temptatas,
1110 2223 1262 2280 nunquam
1277 2222 1344 2264 esse
1358 2204 1460 2262 ordine
1476 2204 1671 2280 exploratas:

339 2307 598 2380 litteratorumquc
620 2306 755 2382 lapidum
777 2325 835 2362 non
853 2307 990 2364 minimas
1011 2307 1099 2364 facile
1122 2313 1221 2382 partes
1242 2307 1337 2364 ruinis
1360 2307 1422 2365 illis
1437 2307 1560 2364 obrutas
1578 2307 1671 2363 etiam

340 2428 417 2467 uuue
439 2408 622 2466 delitescere.
667 2406 766 2480 Quare
788 2417 817 2465 et
839 2409 999 2467 Henzenus
1021 2417 1051 2466 et
1073 2426 1139 2484 ego,
1161 2409 1271 2467 oblatis
1295 2429 1313 2465 a
1335 2408 1525 2466 Beroliueusi
1548 2426 1673 2483 quoque

340 2510 492 2568 academia
514 2510 673 2580 subsidiis,
698 2511 856 2586 diligenter
877 2511 1008 2590 egimus,
1036 2523 1069 2568 ut
1090 2512 1200 2586 optatis
1221 2512 1406 2570 fossionibus
1428 2529 1516 2586 quam
1539 2510 1672 2584 primum

340 2631 446 2670 manus
463 2613 700 2670 admoverentur.
734 2613 949 2671 Possessorum
972 2621 1069 2672 autem
1092 2614 1156 2671 eius
1178 2613 1237 2671 loci
1259 2614 1325 2670 iura
1347 2632 1382 2670 eo
1397 2631 1475 2670 uuae
1490 2620 1573 2670 statu
1589 2623 1671 2682 sunt,

340 2725 373 2773 ut
393 2716 449 2772 hac
471 2715 508 2772 de
529 2731 562 2772 re
584 2715 708 2791 transigi
731 2716 850 2773 omuino
873 2725 1014 2791 nequeat3
1042 2716 1144 2791 itaque
1166 2717 1311 2792 patientia
1333 2716 1473 2774 utendum
1495 2715 1672 2773 necessario

341 2817 388 2874 sit.
423 2817 526 2874 Dilato
547 2817 577 2874 in
600 2817 744 2876 incertum
767 2825 886 2894 tempus
909 2827 969 2875 tam
992 2818 1156 2895 probabilis
1177 2818 1396 2892 expectationis
1418 2835 1570 2888 successu,
1594 2836 1671 2874 uou-

342 2918 417 2976 nihil
438 2919 557 2977 interim
579 2929 645 2991 est,
657 2938 717 2995 quo
738 2919 899 2978 latinarum
919 2920 1061 2978 feriarum
1081 2920 1176 2979 fastos
1192 2939 1318 2998 augeam
1334 2939 1495 2998 eorumque
1510 2919 1672 2977 historiam

236 3039 237 3042 ¹
343 3021 532 3098 aliquatenus
555 3021 711 3080 illustrem.

425 3124 586 3184 Henzenus
608 3125 628 3182 l.
645 3143 670 3181 o.
693 3144 721 3200 p.
740 3125 842 3196 135‚6
864 3125 1063 3202 fragmentum
1087 3125 1176 3200 dedit,
1199 3126 1284 3184 euius
1307 3125 1337 3183 iu
1353 3123 1542 3201 ephemeride
1565 3135 1675 3183 nostra

343 3226 425 3283 nulla
445 3226 550 3286 habita
570 3227 646 3285 ratio
669 3237 731 3286 est:
754 3227 790 3284 de
812 3245 847 3284 eo
869 3229 980 3304 quippe
1001 3227 1225 3307 interpretando
1247 3247 1392 3316 suumque
1414 3227 1559 3286 inlocum
1583 3227 1673 3285 resti·

343 3329 454 3387 tuendo
477 3345 571 3405 sagax
594 3330 690 3387 editor
711 3329 936 3406 desperaverat:

750 3559 1204 3614 ,rvr-xvrsu

770 3631 1233 3704 susas-sceler

665 3733 666 3736 ¹
758 3745 1310 3805 sculaaunlsrnrav

864 3865 1096 3908 soetbeNDlS
1179 3865 1311 3907 rats

1005 3947 1059 4008 iri
1180 3967 1346 4010 rarsi

344 4139 533 4196 Vocabulum
555 4138 674 4215 quidem
697 4139 852 4196 scribendis
874 4138 920 4196 bis
943 4137 1102 4214 repetitum
1129 4137 1168 4194 ad
1190 4140 1358 4197 decemviros
1385 4135 1490 4212 lapibus
1512 4137 1675 4194 scribendis

344 4242 492 4318 pertinere
513 4221 675 4298 Heuzeuus
702 4241 790 4298 vidit:
825 4240 877 4298 sed
905 4241 1057 4316 negotium
1083 4240 1272 4298 facessebant
1298 4251 1457 4315 sequentes
1482 4239 1513 4295 in
1540 4237 1691 4316 siugulis,

345 4343 480 4401 versibus
503 4342 619 4401 litterae
641 4358 791 4401 των...
834 4341 872 4400 lu
893 4343 1078 4402 decemviros
1100 4343 1257 4401 tribunicia
1278 4351 1412 4420 potestas
1434 4339 1595 4398 convenire
1619 4341 1675 4399 mi-

346 4511 549 4520 ——-—

424 4633 448 4696 ¹)
466 4635 500 4684 V.
514 4623 648 4698 Borghesi,
669 4649 729 4699 opp.
739 4635 801 4696 VII,
823 4635 884 4685 572.
900 4635 961 4684 573.

421 4723 446 4788 2)
471 4726 542 4787 Quos
561 4727 738 4776 Mommscnus
758 4724 873 4788 (Hermes
883 4728 917 4788 V,
937 4728 1001 4788 371)
1021 4742 1102 4775 annos
1121 4727 1189 4776 dixit
1212 4733 1256 4775 aut
1276 4725 1425 4776 ros-109
1450 4730 1494 4774 aut
1515 4725 1675 4786 107-110,

345 4833 394 4882 ego
418 4819 470 4867 illis
494 4817 631 4883 adscripsi,
657 4819 762 4868 edoctus
782 4819 923 4888 diplomate
943 4819 1049 4868 militari
1071 4820 1133 4868 anui
1155 4821 1221 4880 107,
1247 4819 1278 4867 de
1298 4833 1348 4882 quo
1368 4817 1463 4867 Reuier
1481 4817 1515 4864 ad
1534 4816 1676 4880 Borghesii

345 4911 491 4975 oppvnl,
507 4911 550 4972 56,
570 4911 754 4976 Waddingtou,
774 4909 867 4960 Foetes
886 4911 1024 4982 asiatiques
1042 4927 1067 4974 p.
1084 4912 1144 4960 198.
1177 4911 1237 4960 Nou
1257 4925 1297 4959 me
1317 4911 1439 4974 praeterit
1458 4908 1508 4957 hoo
1528 4911 1615 4973 ipsum
1635 4910 1675 4958 di·

345 5003 431 5065 ploma
451 5018 518 5052 anuo
540 5005 590 5053 108
608 5008 627 5052 'a
645 5004 808 5053 Mommseuo
828 5003 957 5066 adsignari
981 5003 1101 5063 (c.1.1..
1121 5003 1162 5054 111
1181 5019 1207 5068 p.
1222 5003 1298 5063 866):
1326 5003 1371 5052 sed
1390 5000 1519 5066 quomodo
1546 5001 1570 5049 is
1590 5017 1677 5050 annus

346 5109 402 5144 eum
421 5097 471 5146 XI.
490 5095 642 5146 tribuniciae
662 5097 794 5160 potestatis
814 5095 922 5145 Traiani
947 5095 1029 5160 possit
1048 5095 1168 5159 componi
1189 5096 1296 5144 minime
1315 5094 1431 5158 intelligo
1452 5090 1497 5156 (ef.
1517 5093 1629 5143 Henzeu
1648 5095 1675 5144 iu

346 5183 416 5236 Buff.
436 5180 498 5238 defl’
521 5185 567 5237 Ist.
589 5189 658 5238 1872
678 5204 703 5253 p.
719 5188 773 5248 51).
813 5185 917 5248 [Erravi
936 5203 992 5254 ego.
1030 5189 1082 5238 Ta.
1096 5185 1146 5250 lll.]
