3524 5828
580 543 656 594 nux
675 542 757 594 con.
778 543 1006 594 enunurvsu.
1385 524 1453 594 131

128 725 202 784 urbe
229 742 257 781 a.
281 742 311 780 u.
332 740 358 781 c.
379 721 440 782 560
468 728 622 781 senatores
646 736 708 778 oon
737 718 836 778 solum
863 716 1035 794 promiscue
1063 727 1199 794 spectare
1228 717 1373 790 desiisse,
1405 718 1458 777 sed

129 827 223 886 etiem
245 833 355 886 etatum
376 824 407 882 in
428 824 545 883 thestm
565 824 665 882 locum
687 809 870 880 orchestram
892 819 1093 897 accepisse1),
1116 821 1204 897 plane
1223 828 1255 879 at
1268 819 1325 879 hac
1341 838 1458 898 quoqne

128 931 204 1006 lege·
222 935 355 989 cavetur.
380 923 502 987 .Simile
530 926 579 985 ius
608 925 758 1002 equitibus
784 940 903 999 quoque
928 923 1024 982 luisse
1050 941 1105 981 neo
1132 923 1206 982 haec
1233 923 1284 982 lex
1311 923 1460 1002 signifieat

130 1051 228 1110 neque
249 1030 330 1090 Iulia
355 1029 558 1107 municipalis,
584 1045 681 1104 neque
708 1026 790 1085 alind
816 1025 879 1083 eius
905 1025 979 1084 iuris
999 1035 1092 1102 ¹entra
1113 1025 1215 1084 urbem
1235 1027 1394 1103 propagati
1414 1025 1459 1084 in·

130 1135 240 1194 dicium
268 1133 363 1192 ullum
384 1131 519 1209 repperi,
547 1139 677 1208 atquae
699 1128 736 1188 de
757 1147 794 1188 ea
814 1147 845 1186 re
866 1126 948 1205 leges
969 1127 1047 1186 lutae
1069 1133 1152 1200 suut,
1178 1127 1217 1186 ad
1239 1127 1334 1188 ecl'sm
1356 1129 1458 1212 urbem

131 1235 316 1316 pertinuisse
336 1235 503 1294 videantur.

213 1337 258 1400 Ut
282 1338 320 1398 dc
345 1339 409 1397 iure
435 1336 627 1396 decurionum
655 1353 714 1394 uon
740 1335 910 1413 promiscue
935 1331 1088 1409 spectandi
1110 1350 1187 1409 quae
1208 1331 1280 1392 alibi
1301 1333 1459 1392 traduntur
1487 1334 1586 1457 quien:

1490 1424 1530 1458 lus
1543 1424 1564 1458 Sl

131 1443 207 1501 haec
232 1441 283 1500 lex
308 1439 464 1500 coufirmat
489 1446 520 1497 et
544 1439 690 1512 illustrat,
719 1438 762 1496 ita
782 1437 910 1514 primum
931 1435 1099 1494 accuratius
1121 1435 1312 1507 determinat,
1338 1437 1459 1513 quinam
1471 1483 1603 1546 spectandi

129 1551 251 1621 praeter
271 1544 354 1622 ipsos
376 1543 553 1603 decuriones
573 1543 613 1600 ad
634 1542 699 1600 eius
721 1539 795 1600 iuris
817 1538 1052 1598 communionem
1067 1535 1206 1597 (laesuris
1229 1537 1344 1598 scilicet
1360 1545 1458 1598 aetate
1474 1557 1541 1606 inser
1553 1557 1598 1605 de-

129 1647 364 1706 admitterentur.
408 1643 487 1707 Sunt
507 1653 605 1704 eutem
626 1643 666 1702 hi.
1474 1631 1591 1680 ⁰⁰fi⁰¹¹0⁸

219 1752 246 1807 1.
282 1749 477 1827 Megistrstue
499 1765 592 1824 prove
613 1746 791 1823 magistratu
812 1744 947 1804 coloniae
969 1743 1020 1819 qui
1042 1743 1112 1814 sint,
1133 1744 1216 1802 utin
1238 1743 1320 1801 curia
1339 1741 1458 1816 adsunt,

128 1852 203 1911 lieet
223 1851 283 1929 ipsi
304 1860 457 1912 senatores
480 1869 539 1909 nou
561 1849 631 1922 sint,
653 1849 697 1907 ita
717 1847 748 1906 in
769 1848 884 1906 theatro
906 1864 1025 1923 qnoque
1046 1846 1234 1906 senatoribus
1253 1864 1306 1905 eos
1321 1845 1459 1905 adsidere

127 1956 183 2014 lex
202 1962 289 2012 cavet
310 1954 339 2026 6,
359 1952 499 2012 13-17:
522 1954 604 2028 quiue
624 1962 682 2010 tum
702 1953 889 2026 mapistratus
910 1953 1059 2026 imperium
1076 1957 1275 2024 pacatumve
1296 1949 1460 2008 colonorum

128 2058 271 2132 mcffrapla
290 2065 368 2132 peret
393 2059 528 2132 iussuque
550 2054 581 2114 0.
607 2054 741 2114 Cameris
769 2053 918 2112 dictatoris
944 2051 1069 2110 consulis
1092 2069 1184 2128 praru
1205 2051 1318 2111 consule
1339 2051 1459 2123 iubebit,

127 2181 215 2254 quiae
232 2195 288 2254 pra
311 2195 366 2253 quo
388 2180 505 2253 imperio
524 2185 662 2253 potestate
683 2185 740 2233 tum
763 2173 927 2233 incolumia
953 2171 1089 2232 Genetiva
1110 2175 1172 2230 erit.
1211 2172 1248 2231 In
1270 2173 1344 2230 urbe
1366 2174 1460 2249 magi·

128 2280 276 2339 euntibus
297 2288 358 2337 tam
380 2279 412 2337 in
433 2278 513 2338 circo
533 2297 622 2355 quam
645 2278 676 2335 in
698 2278 815 2336 theatro
836 2293 893 2336 sua
914 2275 981 2335 loca
1002 2269 1142 2351 erent²),
1169 2292 1245 2351 quae
1267 2275 1460 2352 decurionum

127 2382 209 2442 locis
231 2381 446 2456 comprehensa
467 2380 562 2440 luisse
583 2381 643 2438 iam
665 2379 852 2458 intellegitur.

216 2483 246 2542 2.
288 2482 407 2558 Quibus
434 2483 628 2542 decurionum
654 2482 774 2541 decreto
803 2480 889 2540 loeus
917 2480 1005 2539 datus
1032 2489 1079 2540 est
1103 2482 1180 2541 iuter
1206 2481 1381 2540 decuriones
1410 2479 1459 2556 (6,

131 2584 286 2661 17-19),
312 2586 333 2644 ii
359 2584 421 2644 lere
449 2593 528 2656 eunt,
556 2585 664 2662 quibus
690 2592 866 2644 ornamenta
892 2583 1095 2643 decurionalia
1120 2583 1190 2642 data
1213 2583 1354 2642 relictoue
1380 2589 1460 2655 sunt,

127 2707 202 2749 nam
229 2688 307 2747 inter
333 2707 369 2746 ea
388 2683 484 2748 ‘loeus
507 2688 676 2747 senatorius
698 2683 801 2760 ludis’,
825 2695 860 2745 ut
881 2684 1026 2763 Cicerol)
1049 2671 1108 2760 ait,
1131 2688 1196 2745 sive
1215 2680 1400 2746 ‘consessus’
1423 2686 1460 2744 sb

127 2790 236 2850 ordine
257 2791 356 2863 datus,
377 2798 410 2849 nt
431 2797 478 2850 est
498 2790 531 2850 iu
551 2789 639 2849 titulo
659 2787 927 2869 Lugudunensil),
949 2789 997 2847 vel
1019 2789 1210 2866 praecipuum
1233 2798 1288 2848 eet.

217 2893 245 2952 3.
294 2891 433 2954 Senatori
464 2893 571 2972 populi
598 2893 729 2953 Romani
761 2893 849 2969 quive
877 2897 996 2950 senator
1024 2891 1098 2962 fuit,
1131 2892 1202 2950 item
1230 2891 1292 2949 lilio
1320 2893 1385 2950 eius
1413 2890 1462 2952 ius

130 3013 204 3056 esee
230 2996 263 3055 in
290 2995 416 3054 coloniis
442 2995 649 3074 municipiieve
675 2995 798 3055 sedendi
821 2994 900 3052 inter
922 2993 1095 3053 decuriones
1117 2992 1161 3068 (7,
1177 2993 1205 3053 2.
1226 2992 1260 3069 3)
1281 3011 1348 3052 cum
1374 3003 1463 3053 untes

128 3111 253 3176 qnoque
284 3097 485 3174 obtinuisset,
505 3099 663 3174 Angustus
695 3097 866 3176 diligentius
899 3095 1049 3172 sanxit5).
1094 3095 1183 3154 ldem
1215 3095 1342 3155 Polemo
1370 3095 1461 3155 Ponti

126 3219 206 3272 rex,
233 3219 299 3259 cum
320 3199 399 3258 iuter
426 3201 524 3259 socios
551 3207 581 3259 et
608 3199 721 3259 amicos
750 3198 855 3277 populi
876 3198 1005 3257 Romani
1033 3197 1200 3273 adscriptus
1228 3208 1321 3270 esset,
1348 3198 1379 3256 iu
1405 3216 1460 3257 euo

128 3319 226 3379 reguo
253 3303 443 3362 senatoribus
470 3302 573 3380 populi
596 3302 725 3361 Romani
752 3299 937 3380 permisit⁶).
982 3298 1109 3362 Senator
1135 3301 1188 3376 qni
1216 3299 1273 3359 luit
1293 3319 1360 3358 eum
1382 3319 1462 3360 com·

128 3412 323 3477 memoratur,
344 3404 381 3464 de
404 3404 543 3464 damnato
565 3405 742 3481 praesertim
763 3405 812 3463 vel
833 3422 851 3463 a
872 3419 996 3462 censure
1017 3401 1121 3462 ordine
1142 3410 1224 3462 moto
1243 3402 1361 3462 videtur
1381 3403 1461 3481 ecgi-

129 3513 229 3566 tatum
250 3525 326 3567 esse.

211 3757 235 3819 ¹)
263 3759 364 3810 Vitruv.
379 3759 404 3823 ὁ,
420 3761 445 3823 6,
461 3761 490 3810 2:
510 3760 537 3810 in
550 3757 679 3810 orchestra
692 3766 772 3809 autem
784 3765 925 3810 senatorum
936 3765 995 3808 sunt
1006 3757 1106 3809 sedilus
1119 3758 1176 3810 luca
1190 3757 1330 3826 mnata.
1354 3757 1460 3810 Sueten.

129 3851 203 3916 Aug.
222 3849 270 3902 ³5:
291 3853 450 3920 emovitque
467 3854 542 3903 etium
560 3852 686 3904 mersans
704 3851 800 3920 inslpue
818 3852 895 3902 vestis
913 3857 937 3902 et
954 3849 1087 3919 spectandi
1103 3852 1131 3902 in
1149 3849 1278 3902 orchestra
1296 3849 1462 3920 epulandique

126 3941 232 4010 pudls'ce
249 3944 297 3994 ius.

211 4032 236 4098 ²)
265 4033 423 4088 scammeln
437 4040 462 4100 1,
476 4038 539 4088 324.

214 4125 239 4189 1)
265 4129 575 4191 Procluenti'l,132.
615 4129 656 4180 Gi.
676 4143 741 4194 quae
760 4129 816 4180 dixi
835 4129 867 4179 de
886 4143 918 4178 eu
936 4143 964 4179 re
984 4125 1144 4179 Staatsreelt
1157 4130 1181 4191 1,
1196 4129 1259 4181 373.

211 4218 237 4282 ⁴)
263 4223 370 4273 Hermen
384 4223 469 4272 7007:
489 4223 532 4272 cui
554 4219 617 4274 erdo
636 4219 830 4290 splendidissime.
849 4221 946 4272 cimiat
965 4219 1111 4272 Albensium
1129 4237 1267 4273 consessum
1285 4221 1362 4273 dedit.
1396 4221 1462 4273 Cen-

133 4314 241 4363 tumriri
252 4315 375 4365 Veientes
393 4313 543 4378 decernunt,
564 4315 611 4366 Cn.
626 4314 732 4366 Caesius
745 4314 867 4364 Athletas
883 4320 912 4362 ut
924 4313 1101 4380 Aupustalium
1119 4330 1218 4365 nummo
1237 4313 1359 4366 iubeatur
1377 4314 1463 4365 liceat·

132 4421 182 4474 pue
205 4407 230 4456 ei
252 4404 363 4456 mnibus
386 4407 537 4474 spectaculis
558 4406 692 4474 municipio
716 4413 801 4457 nosne
828 4403 926 4456 diuellio
945 4408 1054 4474 proprio
1078 4407 1144 4458 inter
1163 4407 1317 4474 Aupustalee
1335 4405 1465 4458 ccnmdere

132 4499 250 4566 cenisque
268 4497 380 4549 omnibus
394 4498 506 4566 publicis
523 4501 589 4550 inter
607 4499 771 4550 centumviros
788 4491 906 4552 interesse
925 4497 1120 4563 (Ore11.4046).

214 4589 238 4654 ⁶)
266 4593 373 4644 Sueten.
392 4594 461 4657 Aug.
480 4593 529 4642 44:
552 4590 684 4658 spectandi
701 4591 897 4657 confusissimum
915 4607 947 4641 uc
965 4591 1141 4642 solutissimum
1157 4607 1248 4644 mareu
1266 4593 1377 4644 emacuit
1394 4591 1464 4643 ordi·

131 4684 261 4751 nutritque,
278 4690 359 4734 motus
376 4685 473 4734 iniuria
491 4685 623 4744 senatoris,
644 4699 712 4750 quem
731 4681 846 4734 Puteolis
859 4699 909 4751 per
929 4681 1100 4734 celeberrimos
1119 4684 1192 4736 ludos
1209 4701 1324 4737 consessa
1335 4685 1467 4753 frequenti

132 4792 203 4827 nemo
222 4783 364 4843 receperat.-
378 4776 453 4842 sacto
472 4777 552 4843 lpitur
571 4774 668 4827 decreto
686 4782 799 4843 patmum,
819 4782 858 4838 ut,
880 4777 992 4844 quatiens
1010 4775 1073 4844 puid
1090 4779 1229 4846 spectaculi
1245 4795 1347 4846 usquam
1362 4777 1465 4846 publice

133 4867 259 4929 ederetur,
275 4869 375 4934 μήκυνε
393 4866 567 4920 subselliorum
585 4867 648 4920 ordo
667 4876 772 4920 vacaret
790 4867 947 4919 senatoribus
965 4876 1012 4920 cet

212 4957 236 5023 ε)
264 4961 318 5011 Dio
331 4961 376 5023 53,
390 4961 438 5012 25:
457 4953 501 5010 nul
518 4956 639 5031 προεδρία
655 4965 710 5019 τοῖς
722 4960 872 5026 §calcaneis
890 4951 996 5032 lunden
1009 4959 1041 5034 τῇ
1054 4954 1128 5035 ἆρχῇ
1141 4955 1216 5014 aiecii
1229 4960 1253 5021 ir
1264 4953 1343 5014 adsue
1354 4951 1386 5012 sd
1399 4959 1463 5014 &ia-

130 5069 183 5120 epu
201 5040 290 5116 tiles.
322 5053 528 5107 Massiliensibus
545 5063 606 5120 post
617 5055 727 5108 Romam
747 5053 859 5106 uGallis
877 5055 1012 5106 liberatam
1032 5054 1102 5106 lacus
1120 5056 1317 5125 spectacularran
1335 5059 1362 5107 in
1377 5065 1465 5109 mnata

134 5143 216 5195 dutus
234 5151 271 5194 est
289 5145 390 5208 (lusan.
404 5148 448 5210 43,
463 5147 489 5210 5,
505 5147 558 5210 10).
589 5149 675 5199 Etiam
689 5147 817 5198 Traianus
835 5147 926 5213 legatis
944 5164 1033 5213 regum
1046 5149 1144 5202 Romae
1163 5151 1248 5202 lucum
1266 5151 1294 5202 in
1313 5152 1465 5216 spectaculis

132 5236 211 5290 dedit
229 5237 296 5288 inter
313 5245 445 5292 senatores
464 5239 528 5302 (Dio
541 5242 586 5304 68,
601 5239 655 5304 15).
694 5239 734 5293 (li.
754 5240 861 5294 Sueten.
880 5240 949 5309 Aug.
963 5241 1008 5293 44.
