3540 5828
303 501 373 570 144
731 516 1039 567 nontransnrvn
1057 517 1143 568 voa.
1162 518 1192 568 11

300 695 422 768 vitricus
444 693 617 770 privignus,
639 691 703 748 iurc
725 709 864 768 quaeres,
886 691 1005 767 quinam
1029 691 1090 750 sint
1110 693 1163 768 qui
1184 711 1267 752 reum
1289 694 1414 770 propius
1436 713 1473 752 ea
1487 695 1634 754 affinitate

301 798 490 874 contingant3
517 803 547 852 et
573 812 753 870 quamquam
781 793 958 871 responderi
984 800 1084 872 potest
1105 794 1235 871 intellegi
1258 795 1352 854 virum
1376 816 1516 870 uxorem,
1543 817 1634 876 spon·

302 919 367 959 sum
390 897 583 976 sponsaml),
606 897 684 955 haud
708 897 770 954 seio
793 917 832 954 an
854 897 910 955 hoc
932 915 1050 973 quoque
1071 897 1204 956 incuriae
1226 898 1322 974 magis
1345 917 1433 974 quam
1458 902 1635 975 prudentiae

302 1001 456 1078 scriptoris
489 1000 640 1058 debeatur.
689 998 737 1057 Dc
763 1006 891 1077 patrono
922 998 1029 1058 liberto
1055 999 1175 1058 omnino
1202 1007 1321 1060 constat
1351 1020 1445 1079 neque
1473 1011 1635 1080 patronum

302 1107 332 1164 in
358 1103 496 1162 libertum
522 1119 576 1160 nec
597 1102 737 1160 libertum
759 1101 789 1158 in
812 1109 969 1176 patronum
992 1103 1023 1160 in
1045 1101 1107 1160 ullo
1129 1102 1239 1161 iudicio
1262 1104 1381 1180 publico
1404 1105 1529 1164 invitum
1551 1108 1637 1164 testi-

303 1208 434 1268 monium
467 1205 597 1274 dixisse;
630 1210 786 1280 praeterea
814 1204 843 1261 in
873 1204 1050 1280 quibusdam
1077 1204 1209 1275 iudiciis,
1245 1215 1277 1264 ut
1302 1207 1333 1265 in
1362 1225 1397 1266 eo
1426 1207 1507 1283 quod
1535 1209 1569 1266 fit
1598 1229 1637 1268 ex

303 1312 370 1388 lege
392 1307 470 1367 Iulia
492 1307 528 1364 de
551 1305 625 1383 vi2),
647 1305 771 1365 libertus
794 1305 997 1365 testimonium
1021 1306 1052 1365 in
1074 1315 1231 1384 patronum
1255 1309 1353 1368 dicere
1375 1329 1435 1369 non
1457 1311 1553 1370 solum
1577 1330 1638 1369 non

306 1413 434 1491 cogitur,
457 1409 508 1468 sed
532 1409 620 1467 etiam
643 1416 769 1468 vetatur.

151 1524 292 1575 Accusatio
389 1514 438 1575 De
460 1512 649 1572 accusatione
672 1531 748 1589 quae
768 1511 847 1589 apud
863 1511 1019 1571 duovirum
1034 1513 1087 1572 liat
1101 1513 1198 1591 agitur
1212 1512 1288 1591 legis
1310 1534 1334 1572 c.
1351 1512 1409 1574 011
1432 1516 1461 1586 4,
1477 1515 1591 1587 23-5,
1610 1519 1637 1576 l.

93 1601 96 1610 ¹
307 1615 408 1676 Causa
434 1615 593 1673 accusandi
618 1615 746 1672 hicnon
769 1614 902 1690 ponitur,
930 1625 961 1672 at
981 1615 1018 1673 de
1039 1615 1215 1693 indignitate
1237 1617 1406 1677 decurionis
1429 1619 1535 1678 duovir
1556 1621 1640 1679 iube·

307 1730 354 1778 tur
383 1720 429 1776 ius
460 1717 558 1784 dicere
586 1717 754 1793 iudiciaque
783 1716 919 1787 reddere;
948 1718 1108 1794 significari
1138 1720 1358 1778 accusationem
1387 1721 1570 1798 intellegitur
1599 1743 1640 1782 ex

308 1842 333 1881 e.
357 1819 505 1880 CXXIII.
529 1817 705 1891 cxxltlt,
738 1837 816 1896 quae
847 1819 886 1877 ad
918 1820 1017 1896 ipsum
1049 1820 1189 1879 iudicium
1222 1823 1258 1880 de
1287 1822 1461 1901 indignitate
1490 1825 1640 1900 pertinere

309 1942 400 2002 supra
423 1921 471 1999 (p.
491 1922 566 1997 134)
590 1922 868 1981 demonstravimus.
913 1919 986 1982 Sola
1012 1924 1085 1982 haec
1109 1925 1262 1982 accusatio
1285 1934 1383 1984 utrum
1405 1945 1430 1984 c.
1447 1924 1504 1984 CII
1525 1927 1642 1986 intelle·

310 2036 395 2106 gatur
423 2045 461 2083 an
488 2025 574 2082 aliter
598 2040 716 2100 quoque
739 2023 817 2102 apud
840 2025 994 2084 duovirum
1017 2027 1168 2085 accusatio
1192 2027 1310 2086 institui
1333 2029 1475 2104 potuerit,
1503 2031 1641 2107 exlegis

310 2129 445 2205 reliquiis
472 2145 531 2186 non
558 2127 747 2204 perspicitur.
768 2159 805 2170 —
833 2129 1066 2186 Accusationem
1087 2128 1175 2189 facile
1196 2139 1322 2207 apparet
1343 2132 1550 2206 quaestionum
1574 2152 1642 2208 per·

310 2241 467 2312 petuarum
488 2230 616 2288 formam
639 2230 732 2305 sequi.
777 2229 895 2289 Duovir
916 2232 1052 2289 iudicium
1073 2232 1167 2290 reddit
1188 2231 1230 2306 (5,
1248 2230 1296 2290 22.
1314 2231 1377 2306 24),
1400 2233 1454 2292 luc
1475 2234 1534 2309 leae
1555 2253 1643 2310 quae·

312 2339 350 2394 rit
372 2334 424 2411 (4,
440 2332 490 2390 23.
507 2331 581 2406 25),
608 2333 741 2391 iudicium
763 2343 868 2391 exercet
890 2332 940 2407 (4,
958 2332 1006 2392 23.
1023 2331 1097 2408 26),
1124 2335 1331 2412 praetorisque
1357 2355 1423 2394 eum
1451 2335 1481 2393 in
1503 2347 1643 2412 repetun·
1672 2361 1678 2370 ’

312 2438 416 2496 darum
443 2435 651 2511 similibusque
677 2435 810 2506 iudiciis,
838 2435 869 2494 id
895 2445 943 2494 est
964 2435 1143 2511 quaesitoris
1166 2437 1267 2495 officio
1289 2437 1371 2516 fungi
1395 2457 1432 2496 ex
1454 2457 1479 2496 c.
1495 2436 1553 2498 Oli
1575 2458 1643 2514 per·

313 2540 445 2616 spicitur.
489 2537 611 2596 Actoris
636 2544 737 2614 partes
764 2537 815 2614 qui
842 2538 969 2597 sustinet
992 2539 1124 2614 postulat
1149 2539 1201 2614 (5,
1218 2537 1293 2615 22),
1320 2541 1439 2598 demeat
1460 2539 1574 2616 (4,-27.
1592 2541 1642 2600 28.

314 2640 362 2701 29.
379 2640 438 2716 34)
461 2639 742 2718 distinguunturque
765 2649 971 2698 accusatorum
993 2641 1105 2698 delator
1126 2640 1173 2716 (4,
1191 2640 1244 2716 27)
1267 2648 1297 2699 et
1317 2642 1492 2718 subacriptor
1513 2642 1561 2719 (4,
1577 2643 1644 2721 28).

314 2743 452 2820 stropulos
480 2745 605 2800 actiones
634 2741 734 2800 iudicii
763 2741 817 2818 (4,
839 2744 886 2801 34.
909 2743 967 2818 36)
997 2744 1157 2802 ostendunt
1185 2743 1371 2820 ampliationi
1400 2746 1644 2822 comperendina-

314 2847 425 2905 tionive
451 2845 482 2902 in
509 2863 545 2903 eo
572 2844 672 2902 locum
694 2844 796 2904 fuisse.
842 2841 1031 2922 Quamquam
1053 2845 1173 2904 luerunt
1194 2847 1284 2904 etiam
1306 2847 1451 2924 quaedam
1473 2848 1584 2907 iudicia
1605 2869 1645 2914 ex

314 2949 369 3006 hac
396 2948 461 3024 lege
488 2965 546 3004 uno
568 2945 616 3004 die
638 2945 819 3023 perficienda
840 2945 968 3022 (1,24);
995 2966 1124 3024 quocum
1146 2936 1313 3026 comparari
1334 2957 1447 3024 potest,
1473 2951 1555 3025 quod
1577 2951 1646 3028 lege

314 3051 459 3126 Pompeia
482 3049 586 3107 eodem
608 3049 666 3120 die,
688 3066 747 3125 quo
770 3049 884 3107 dicturi*
899 3059 1001 3108 essent
1022 3061 1179 3110 accusator
1201 3059 1231 3108 et
1252 3039 1405 3126 patronus,
1432 3051 1545 3112 iudices
1567 3053 1648 3112 iudi·

315 3171 382 3212 care
409 3150 634 3228 iubebanturi).
679 3151 818 3211 Indicant
844 3153 951 3210 iudices
979 3151 1092 3229 (6,1)
1120 3161 1301 3229 caveturque
1328 3153 1364 3212 de
1387 3173 1438 3212 reo
1460 3154 1647 3214 absolvendo

317 3255 344 3327 6,
366 3255 383 3312 2
408 3254 464 3313 sie:
492 3258 543 3330 qui
566 3258 607 3312 ita
628 3254 776 3312 ubaolutua
799 3258 870 3334 erit,
892 3256 970 3331 quod
990 3256 1126 3314 iudicium
1143 3259 1414 3332 praevaricationis
1427 3276 1516 3316 cauta
1530 3260 1647 3334 sactum

314 3377 371 3416 ooo
394 3361 460 3429 erit,
482 3360 507 3415 ia
529 3375 560 3414 co
582 3359 688 3414 iudicio
711 3357 765 3417 luc
787 3357 845 3434 leqe
867 3356 1014 3416 absolutus
1037 3341 1105 3428 esto,
1130 3375 1206 3434 quae
1227 3359 1356 3417 formula
1377 3360 1500 3437 propria
1521 3359 1648 3418 iudicio-

316 3480 382 3519 rum
405 3459 590 3535 publicorum
612 3458 735 3517 totidem
758 3458 819 3519 iere
836 3459 934 3518 verbis
956 3459 1032 3519 redit
1047 3461 1076 3518 in
1091 3461 1157 3537 lege
1172 3461 1402 3538 repetundarum
1425 3481 1451 3519 v.
1466 3461 1514 3521 55.
1552 3461 1647 3521 Deni-

317 3581 374 3638 que
396 3562 560 3640 praemium
583 3549 750 3620 accusatori
773 3562 860 3620 datur
880 3561 948 3635 tale,
972 3563 1075 3638 qualia
1096 3563 1159 3621 dari
1180 3563 1279 3622 solent
1292 3563 1322 3620 in
1337 3564 1402 3623 eius
1416 3564 1534 3643 generis
1549 3565 1649 3624 causis

316 3665 442 3742 publicis
466 3663 510 3740 (p.
529 3663 612 3739 134).
647 3660 706 3723 Sed
728 3681 838 3723 novum
859 3665 890 3722 in
911 3665 948 3724 iis
971 3684 1047 3742 quae
1070 3664 1106 3724 de
1128 3665 1315 3724 occursatione
1336 3675 1498 3743 supersunt
1518 3686 1580 3726 non
1601 3677 1650 3726 est

171 3767 376 3832 Heraean-nisi
403 3767 484 3843 quod
511 3785 535 3824 o.
557 3764 616 3824 CII
642 3776 766 3827 cavetur
790 3767 827 3824 de
853 3776 986 3843 tempore
1012 3767 1114 3827 iudicii
1138 3769 1319 3845 perficiendi.
1362 3765 1486 3829 Scilicet
1512 3770 1648 3848 exceptis

191 3853 297 3904 cusandi
319 3870 419 3929 causis
440 3869 491 3941 iis,
519 3887 594 3945 quos
615 3888 674 3928 uno
697 3871 744 3929 die
766 3870 868 3946 pertici
889 3869 939 3927 lex
962 3870 1057 3941 iubet,
1079 3870 1186 3928 duovir
1206 3870 1347 3930 iudicium
1370 3890 1509 3930 exercere
1530 3880 1650 3932 vetatur

318 3982 387 4031 ante
408 3973 511 4030 horam
533 3971 658 4047 primam
676 3979 789 4049 etpost
804 3971 998 4031 undecimam.
1032 3971 1120 4048 Quod
1136 3974 1308 4052 ambiguum
1324 3985 1370 4032 est
1385 3983 1483 4033 utrum
1498 3975 1649 4052 accipien-

318 4075 387 4133 dum
414 4075 453 4132 sit
479 4073 514 4132 de
541 4075 638 4150 prima
664 4083 770 4149 coepta
794 4083 824 4133 et
845 4075 1001 4134 undecima
1021 4077 1143 4151 expleta
1163 4095 1202 4134 an
1224 4078 1261 4136 de
1282 4078 1378 4153 prima
1399 4077 1521 4160 expleta
1542 4083 1573 4136 et
1594 4097 1649 4136 un-

319 4176 433 4235 decima
452 4186 571 4253 coepta;
594 4177 721 4237 conferri
743 4183 842 4254 potest
863 4178 942 4255 quod
964 4179 1043 4256 apud
1058 4178 1221 4253 Paulum⁴)
1245 4189 1423 4239 testamenta
1443 4180 1582 4239 iubentur
1602 4199 1650 4238 re-

317 4371 521 4380 —-—--—·

397 4516 420 4579 ¹)
446 4517 513 4568 Nam
539 4518 564 4568 hi
590 4533 690 4584 quoque
715 4519 782 4570 iuter
806 4519 896 4570 affines
919 4501 1086 4571 numerantur
1110 4527 1135 4569 et
1159 4521 1186 4570 in
1204 4521 1261 4585 lege
1281 4519 1372 4571 Cincio
1394 4519 1469 4580 (Vat.
1488 4519 1521 4570 ir.
1535 4519 1605 4582 302)
1626 4529 1653 4571 et

319 4609 389 4660 alibi.
427 4611 524 4662 chnze
543 4613 561 4661 l.
575 4629 596 4662 c.
616 4628 641 4677 p.
658 4613 718 4662 109.

395 4720 420 4784 ⁹)
449 4722 559 4773 Collatia
579 4725 605 4786 9,
620 4724 645 4785 2,
660 4726 675 4774 2
691 4723 799 4789 =Dig.
814 4725 858 4786 22,
872 4723 897 4786 5,
912 4724 938 4784 3,
956 4724 980 4774 6.

397 4830 421 4894 ³)
449 4835 578 4885 Asconius
598 4836 624 4884 in
643 4834 736 4884 Milon.
756 4851 780 4898 p.
795 4836 839 4885 40.

396 4944 420 5007 ⁴)
453 4962 471 4996 s.
487 4962 507 4995 r.
528 4948 552 5007 4,
569 4947 594 5008 6,
610 4949 634 5009 2,
663 4948 695 4996 In
715 4961 792 4996 eausa
804 4947 949 4997 Miloniana
967 4947 1053 5011 priore
1072 4946 1114 4995 die
1133 4945 1256 4995 iudicium
1275 4944 1409 4996 dimissum
1426 4953 1464 4995 est
1477 4945 1546 4996 circa
1558 4946 1651 4997 horam

321 5037 454 5100 decimam,
475 5041 617 5104 posteriore
637 5041 737 5090 sortitio
756 5038 868 5090 iudicum
888 5040 1006 5104 aprime
1025 5039 1068 5088 die
1086 5039 1155 5088 iacta
1168 5044 1213 5098 est,
1234 5045 1397 5088 accusatores
1411 5045 1552 5103 coeperunt
1564 5040 1652 5088 dicere

320 5131 388 5179 intra
410 5131 501 5181 horam
521 5132 660 5182 secundam
686 5131 798 5193 (Ancon.
818 5149 843 5197 p.
858 5134 901 5183 41.
921 5131 980 5193 42).
1019 5130 1060 5181 (li.
1080 5131 1169 5182 Keller
1190 5127 1358 5198 Civilproaesa
1376 5146 1402 5195 p.
1417 5131 1458 5181 16.
1496 5131 1653 5197 Marqusrdt
1756 5127 1770 5198 ’Ἰ

322 5220 514 5276 Privataltertt.
535 5228 558 5288 1,
574 5225 636 5276 261.
1291 5237 1295 5246 '
1753 5223 1758 5234 ’
