3510 5820
318 477 361 546 10
907 493 1044 543 Karana

312 666 574 726 FRVCTIERAE
591 667 670 744 (sic),
692 666 771 742 quod
788 665 889 725 Conze
912 666 962 744 qui
978 667 1072 726 edidit
1091 667 1112 723 l.
1128 685 1152 724 s.
1169 685 1194 724 s.
1218 666 1276 723 tab.
1292 664 1372 722 XIII
1391 665 1427 722 19
1449 665 1540 724 nimis
1554 673 1640 723 caute

312 770 350 827 ad
372 767 511 829 Cererem
538 788 575 826 an
602 770 640 827 ad
662 768 773 827 Isidem
799 769 911 828 referat
936 770 1052 840 haeret;
1079 769 1139 827 Isis
1165 769 1242 826 enim
1265 767 1345 843 apud
1367 767 1447 825 solos
1470 767 1638 843 Aegyptios

311 872 392 948 quod
408 873 500 930 sciam
515 860 693 954 καρποφέρος
707 871 922 947 appellabatur.
937 906 974 914 —
992 871 1115 929 Boeckh
1130 870 1187 929 hoc
1201 859 1381 954 καρποφόρος
1394 887 1501 928 nomeu
1515 876 1639 946 propter
1727 853 1728 856 Ἴ

312 975 441 1032 nobilem
468 973 603 1032 mulieris
626 973 837 1032 fecunditatem
859 974 1047 1051 Agrippinae
1068 974 1198 1031 delatum
1221 990 1288 1030 esse
1310 973 1472 1030 existimat
1516 971 1638 1029 Minime

310 1095 391 1133 vero.
434 1065 620 1158 Καρποφέροο
646 1094 705 1133 non
727 1095 762 1132 ca
783 1093 889 1152 graece
911 1076 1028 1144 dicitur,
1056 1094 1132 1150 quae
1160 1075 1283 1146 fertilis,
1312 1074 1364 1132 sed
1387 1092 1465 1149 quae
1486 1073 1639 1131 fructifera

310 1179 454 1236 Romanis
477 1189 531 1237 est.
569 1177 736 1237 Fructifcra
758 1187 856 1236 cutem
878 1177 935 1236 dca
956 1185 1012 1248 est,
1035 1197 1111 1253 quae
1131 1177 1281 1235 fructuum
1303 1184 1480 1252 proventum
1503 1184 1588 1232 curat
1608 1183 1638 1233 ct

311 1280 415 1352 efficit,
446 1281 510 1338 siue
533 1278 624 1339 Ceres
654 1281 717 1338 siue
740 1279 835 1338 Terra
863 1281 928 1338 dea.
971 1271 1159 1363 Kaprorpdpcc
1187 1287 1311 1337 vocatur
1337 1278 1416 1336 Iulia
1440 1278 1580 1356 Augusta
1607 1278 1637 1335 in

310 1401 431 1440 nummo
460 1382 584 1440 dextera
610 1391 669 1441 tres
696 1384 795 1458 spicas
818 1391 921 1441 tenens
944 1381 1038 1460 (Anu.
1060 1382 1135 1440 lust.
1161 1383 1239 1440 1850
1262 1402 1291 1458 p.
1307 1380 1392 1455 202).
1436 1381 1530 1456 Atqui
1550 1377 1638 1439 ‘nihil

310 1484 469 1544 liberorum
491 1469 571 1542 tulit'
594 1504 631 1542 ex
654 1503 689 1542 ea
709 1487 875 1561 Augustus,
899 1483 980 1544 Suet
995 1486 1075 1560 Aug.
1099 1504 1123 1543 c.
1141 1485 1190 1542 63.
1207 1517 1244 1525 -
1268 1483 1389 1541 Erravit
1410 1483 1499 1540 etiam
1521 1482 1637 1540 Eckhel

311 1585 432 1644 V1214
461 1605 566 1645 nomen
589 1579 685 1648 Aiolei-
711 1587 779 1644 iude
799 1587 969 1664 explicans,
996 1587 1077 1663 quod
1103 1594 1132 1644 et
1155 1585 1364 1645 Germanicum
1390 1594 1420 1643 et
1440 1585 1637 1661 Agrippinam

308 1687 413 1747 Lesbii
440 1690 559 1747 civitate
581 1689 752 1748 donassent.
796 1679 890 1748 Aietic
909 1681 1077 1772 Ἀγριππίνα
1100 1697 1179 1747 esset
1201 1707 1273 1746 sanc
1293 1688 1421 1746 Aeolica
1442 1687 1562 1745 civitate
1584 1686 1636 1744 do·

310 1800 383 1848 nata
404 1791 572 1867 Agrippina
593 1791 642 1849 vel
663 1801 768 1866 posset
789 1810 870 1863 ease,
894 1793 946 1850 scd
967 1785 1029 1848 Seri
1051 1779 1145 1848 Αἰολὶς
1161 1781 1334 1874 ’Appiaria
1355 1790 1411 1848 dea
1432 1799 1479 1848 est
1500 1808 1577 1864 quae
1598 1790 1637 1847 ad

310 1911 426 1951 omnem
449 1893 588 1952 Aeoliam
611 1894 794 1970 provinciam
817 1895 971 1971 pertineat.
1009 1893 1078 1952 Non
1099 1893 1218 1970 quidem
1243 1892 1367 1950 Aeoliae
1389 1902 1479 1967 ceput
1495 1891 1637 1967 Mytilene

309 2003 369 2065 cst,
397 1995 451 2054 scd
473 1995 566 2054 Lesbi
588 1996 802 2054 tantummodo.
846 1995 959 2055 Verum
980 1996 1105 2070 cogitari
1126 2003 1239 2072 potest,
1263 2003 1377 2052 ceteros
1398 1993 1534 2065 Lesbiis,
1556 1983 1637 2069 apud

309 2114 385 2171 quos
407 2099 644 2156 commorabatur
659 2099 837 2175 Agrippina,
860 2099 1059 2169 mandavisse,
1082 2105 1115 2154 ut
1135 2097 1194 2174 ipsi
1217 2117 1271 2173 pro
1293 2098 1431 2155 omnibus
1449 2096 1512 2155 cius
1528 2113 1636 2153 nomen

310 2200 514 2259 communibus
536 2201 630 2259 sacris
652 2201 802 2259 adderent.

309 2473 348 2533 V.
389 2475 424 2533 In
441 2495 607 2534 marmorea
621 2478 723 2535 tabula
738 2476 846 2536 ibidem
870 2477 903 2553 (i.
917 2496 942 2535 e.
959 2475 1115 2554 Mytilene)
1136 2477 1206 2534 Pau.
1241 2475 1324 2534 Ilaec
1338 2475 1478 2534 marmori
1493 2475 1636 2551 inscripta

352 2586 422 2636 sunt
443 2579 568 2638 mitileni
590 2579 627 2637 de
648 2579 805 2637 Alcibiade
826 2579 892 2638 Pol.

550 2745 552 2751 ,
573 2750 608 2810 ‘0
630 2744 726 2810 urium
749 2747 840 2830 σοφδς
861 2744 909 2810 nai
930 2755 1044 2821 uocauit
1065 2741 1121 2829 ἔχ’
1144 2739 1285 2835 ἆροσ[τ]ος

614 2845 804 2924 Ἀὶοιοβιάδης
825 2846 980 2926 Βυζάντιος
1001 2846 1111 2912 ἐνθάδε
1132 2833 1234 2920 asianis,

611 2947 754 3028 Ἑλλήνων
775 2947 889 3015 πάντων
910 2947 981 3041 ὅρνις
1002 2947 1183 3016 oiordc'mrcs‘

615 3054 800 3128 nocuitatem}
824 3050 853 3116 M
875 3082 919 3127 μοι
941 3049 973 3130 ἦν
994 3050 1193 3140 παράκοοτ[ο]ς,

561 3181 573 3221 t
614 3149 673 3237 Mc]
695 3160 726 3218 ἐκ
748 3156 884 3219 δαπανῶν
905 3153 1013 3226 Medae
1034 3153 1099 3238 ἔχει
1123 3161 1168 3236 [με
1189 3151 1307 3236 κλ]υτο’ς

614 3254 720 3339 Aietius
743 3253 779 3320 ἐνὶ
802 3254 904 3347 χώρου·
926 3259 942 3334 ἦ
965 3258 993 3320 δ’
1008 3252 1329 3338 οὖδαήοωνΜυτοὶ.ἦ[νη]

615 3367 698 3434 σῶμα
719 3359 904 3433 perculsam.

309 3542 344 3604 C.
369 3541 507 3602 12211.
530 3576 566 3586 -
601 3539 728 3602 Sordide
755 3543 872 3601 consuti
900 3541 991 3620 panni
1018 3541 1133 3600 metrici
1162 3561 1200 3598 ex
1227 3542 1393 3619 antiquiore
1422 3543 1558 3618 exemplo
1585 3543 1635 3601 de-

309 3647 438 3725 prompti
465 3654 549 3717 sunt,
577 3645 659 3704 cuius
685 3646 765 3704 baud
787 3645 938 3723 vulgarem
967 3644 1061 3703 luisse
1090 3644 1253 3702 orationem
1282 3663 1320 3701 ex
1343 3646 1434 3703 verbo
1460 3638 1633 3720 perpulsum

308 3748 444 3825 colligas.
487 3748 600 3807 Mortui
622 3748 786 3824 uxorisque
808 3754 838 3806 et
858 3749 973 3824 patriae
995 3746 1115 3804 nomina
1135 3747 1166 3804 in
1189 3763 1279 3805 causa
1300 3747 1429 3817 fuerunt,
1455 3755 1487 3805 ut
1507 3748 1635 3823 pristina

308 3851 457 3929 elegantia
477 3853 596 3929 periret.

391 3952 429 4011 V.
448 3955 462 4012 l
488 3971 559 4012 carc
582 3963 667 4030 putes
691 3947 782 4033 ἔξοχ’
803 3939 917 4035 ἄριστος
939 3951 1020 4010 refici
1041 3968 1142 4028 posse.
1182 3949 1271 4009 Dixit
1292 3951 1371 4010 enim
1391 3951 1542 4011 Homerus
1564 3943 1642 4010 ὄνειέ

306 4046 431 4140 pandant»
451 4040 508 4133 ἔχ’
531 4043 654 4138 ‹ipro-roc,
676 4072 772 4130 neque
793 4054 883 4112 huius
905 4054 1022 4130 generis
1045 4053 1192 4113 formulae
1213 4055 1343 4130 perverti
1365 4054 1469 4113 solent
1509 4056 1635 4112 Μουσῶν

308 4176 472 4235 cognomen
504 4156 534 4214 in
566 4155 735 4214 Alcibiadis
767 4156 884 4213 familia
915 4155 1057 4214 usitatum
1092 4155 1188 4214 fuisse
1221 4157 1312 4214 sumit
1337 4156 1492 4228 Welcker;
1525 4157 1633 4216 melius

309 4278 378 4316 vero
401 4257 524 4317 Bocclrh
545 4259 635 4316 vertit
655 4252 797 4332 ‘optimus
820 4252 927 4332 poesi’.
971 4258 1007 4315 In
1029 4258 1126 4332 primo
1149 4259 1227 4316 enim
1250 4276 1338 4316 versu
1361 4259 1528 4318 Alcibiadis
1553 4260 1635 4335 inge·

307 4362 389 4419 nium
411 4361 558 4432 laudatur,
580 4361 631 4436 qui
653 4378 718 4417 curn
740 4360 772 4416 in
794 4359 862 4418 aliis
886 4360 1024 4417 omuibus
1047 4361 1167 4435 sapiens
1190 4370 1252 4418 tum
1274 4361 1402 4418 eximius
1425 4341 1514 4436 poeta
1534 4361 1633 4420 fuerit.

309 4461 474 4522 Genetivus
500 4481 559 4520 non
584 4461 706 4520 nimium
729 4461 841 4536 placet,
871 4469 901 4519 at
922 4483 977 4520 nec
998 4461 1123 4538 reliqua.
1168 4460 1320 4521 Sententia
1342 4463 1450 4520 similis
1472 4462 1502 4520 in
1524 4481 1571 4538 ep.
1595 4467 1633 4521 A.

307 4565 372 4623 I’al.
390 4563 461 4634 VII,
478 4564 551 4623 355:
575 4552 606 4632 ἦν
629 4557 658 4620 δ’
681 4555 749 4646 ὡνὴρ
771 4564 884 4631 μουσῶν
905 4559 985 4628 ἱκανὴ
1007 4558 1090 4646 μερίς.
1126 4564 1224 4622 Etiam
1244 4565 1420 4641 I’omponiis
1436 4566 1542 4623 Musae
1564 4583 1633 4643 cog·

307 4686 416 4725 nomen
442 4666 618 4724 demendum
641 4665 785 4736 arbitror,
813 4665 893 4741 quod
915 4666 1081 4724 Mommsen
1104 4667 1147 4724 eis
1169 4666 1277 4724 indidit
1297 4665 1323 4724 I.
1338 4667 1375 4724 R.
1392 4665 1430 4724 N.
1450 4667 1530 4726 3329
1553 4668 1634 4725 hisce

307 4769 407 4828 verbis
430 4768 532 4838 nisus,
558 4787 634 4844 quae
657 4767 824 4842 subscripta
847 4777 930 4826 sunt:
960 4764 1016 4827 ‘sei
1038 4768 1102 4826 fieri
1125 4769 1284 4845 potuisset,
1307 4777 1456 4827 aeternam
1478 4769 1634 4827 incolumi-

307 4880 398 4930 tatem
425 4870 532 4929 Musae
558 4865 743 4928 donasscut’.
791 4869 886 4926 Immo
915 4870 1008 4928 musis
1037 4870 1166 4928 amicum
1195 4870 1394 4946 Pomponium
1420 4870 1633 4929 Petronianum

308 4974 333 5031 si
362 4972 545 5049 potuissent,
573 4971 752 5031 incolumem
778 4971 920 5030 fecissent
945 4972 1065 5043 Musae,
1092 4991 1168 5048 quae
1196 4973 1339 5030 orationis
1366 4972 1463 5031 forma
1488 4993 1527 5031 ex
1554 4972 1633 5032 Nae·

306 5075 387 5133 viani
409 5075 490 5150 quod
510 5075 603 5132 fertur
624 5074 768 5151 epitaphii
790 5073 982 5132 similitudine
1004 5084 1176 5150 comparata
1197 5086 1256 5134 est:
1276 5071 1473 5134 ‘immortales
1492 5075 1632 5134 mortales

308 5177 335 5236 si
356 5177 434 5234 foret
454 5175 500 5234 las
522 5175 602 5249 llere,
626 5175 730 5234 flerent
750 5176 837 5234 diuae
860 5173 1009 5236 Camenae
1030 5175 1178 5234 Naevium
1200 5172 1340 5255 poetam’.
