3466 5820
400 501 452 552 sc.
474 501 522 550 nn
543 503 724 554 uvunmrs
743 503 881 554 saurus
899 503 1116 555 nuavnnsrs.
1344 482 1415 552 ast
1445 581 1446 584 Ἴ

92 674 201 734 Lucilii
225 676 360 735 Africani
387 673 507 752 venit¹)
535 687 622 754 atque
649 677 691 734 ita
719 679 807 736 ctiam
834 677 860 734 is
888 679 974 737 locus
997 680 1047 738 ubi
1072 679 1221 738 nundinae
1243 679 1418 756 agebantur.

93 778 253 856 Emptione
281 787 377 838 autem
407 779 548 838 territorii
575 780 718 839 Africano
747 781 794 840 ius
821 782 1019 840 nundinarum
1047 801 1108 841 non
1134 782 1360 857 adquirebatur;
1390 782 1419 840 id
1528 827 1529 832 .

93 882 172 940 enirn
194 881 423 957 haudquaquam
447 882 512 939 loco
535 883 690 954 adhaeret,
717 883 768 942 sed
789 884 947 960 privilegio
970 886 1160 962 imperatoris
1183 894 1342 943 senatusue
1363 885 1419 943 rei·

93 985 228 1060 publicae
256 984 344 1042 alicui
370 985 521 1045 hominive
546 985 693 1044 tribuitur.
737 985 938 1045 Nihilominus
966 988 1024 1046 loci
1049 986 1169 1046 domino
1191 1006 1256 1047 cum
1279 989 1325 1046 ius
1348 1008 1419 1046 nun·

94 1087 231 1144 dinatum
262 1087 464 1146 habendarum
494 1088 550 1146 soli
580 1089 669 1147 tribui
697 1099 816 1164 posset,
849 1098 964 1167 poterat
993 1090 1019 1147 is
1049 1091 1267 1165 quadammodo
1294 1091 1330 1148 de
1357 1091 1421 1148 iure

95 1189 196 1265 aliquo
229 1207 284 1248 suo
313 1190 406 1267 loqui.
462 1189 522 1250 Sed
544 1191 628 1249 haec
661 1200 694 1248 ut
726 1193 847 1250 omnino
879 1193 994 1250 incerta
1026 1203 1108 1263 sunt,
1141 1193 1183 1250 ita
1212 1194 1342 1252 sortasse
1374 1211 1420 1250 res

94 1291 184 1368 longe
211 1292 298 1350 aliter
326 1309 359 1350 sc
386 1293 484 1351 habet.
527 1293 593 1352 Etsi
621 1295 697 1352 enim
725 1296 804 1371 apud
826 1295 899 1354 iuris
922 1306 1058 1353 auctores
1087 1295 1162 1354 nihil
1189 1291 1288 1354 de'ea
1309 1316 1341 1354 re
1363 1304 1420 1354 tra·

95 1395 187 1467 ditur,
215 1395 368 1470 probabile
396 1405 492 1454 tamen
522 1405 568 1454 est
593 1416 652 1454 non
680 1398 837 1473 unicuique
864 1399 910 1456 ius
937 1398 1133 1456 nundinarum
1160 1407 1259 1476 petere
1284 1399 1420 1456 licuisse:

94 1487 225 1555 tortasse
253 1498 299 1554 ius
327 1498 402 1556 illud
430 1518 468 1556 ex
490 1497 613 1574 privatis
641 1517 700 1557 non
723 1500 908 1557 tribuebatur
931 1500 988 1558 nisi
1011 1501 1236 1575 possessoribus
1258 1501 1305 1558 vel
1328 1501 1422 1558 maior

96 1617 204 1658 census
227 1600 436 1676 postulabatur
457 1610 487 1658 et
508 1619 584 1676 quae
607 1603 752 1660 eiusmodi
775 1602 964 1660 condiciones
987 1604 1152 1679 excogitari
1174 1615 1314 1680 possunt:
1342 1604 1421 1679 quod

97 1702 124 1759 si
146 1703 314 1772 statuimus,
341 1703 408 1761 iura
429 1703 563 1761 Africani
592 1704 789 1780 intellegenda
817 1713 887 1762 sunt
913 1704 1045 1778 litterae,
1078 1706 1187 1782 quibus
1217 1701 1422 1783 comprobavit

97 1823 131 1863 se
154 1806 316 1863 secundum
337 1807 435 1883 legem
456 1807 503 1864 ius
525 1806 723 1866 nundinarum
745 1807 977 1865 exercendarum
1001 1807 1157 1883 adquirere
1179 1826 1277 1885 posse.

182 1953 307 2072 Scripsi
321 1994 515 2071 Argentorati
538 2011 641 2052 mense
663 1991 788 2054 Octobri
814 1994 901 2052 1874.

1088 2113 1127 2174 G.
1152 2115 1339 2176 Wmunuus.

454 3128 667 3207 SOHOLIA
695 3129 773 3204 ΤΗ.
801 3128 1074 3206 MOMMSENI.

98 3397 149 3456 Ad
171 3417 199 3456 v.
218 3399 244 3454 1.
288 3395 471 3456 Temtorium
493 3394 735 3452 Musulamiorum
757 3395 798 3452 ad
819 3393 912 3453 Casas
935 3393 1015 3469 quod
1036 3394 1116 3452 intra
1136 3394 1256 3472 legitur,
1283 3393 1339 3452 hoc
1361 3394 1427 3453 loco

142 3500 273 3559 breviter
299 3499 406 3557 dicitur
433 3500 604 3556 territorium
629 3493 761 3555 Caseuse.
804 3495 840 3553 ld
866 3497 909 3555 ita
936 3497 1036 3572 accipe
1064 3497 1244 3555 territorium
1271 3497 1335 3556 sive
1358 3513 1428 3573 gen-

141 3611 200 3662 tem
229 3601 387 3678 dupliciter
413 3600 575 3677 significari
603 3618 669 3657 cum
692 3619 711 3656 a
731 3599 836 3676 populi
857 3599 977 3657 nomine
999 3606 1061 3656 tum
1084 3601 1121 3658 ab
1143 3599 1254 3675 oppido
1276 3600 1429 3676 primario,

141 3706 204 3764 lere
230 3715 262 3764 ut
283 3705 313 3762 in
337 3703 440 3764 Gallia
461 3703 524 3761 sive
547 3701 668 3761 Aeduos
695 3701 830 3760 nomines
857 3701 920 3760 sive
942 3701 1203 3777 Augustodunum,
1228 3702 1352 3779 perinde
1374 3708 1428 3759 est.

144 3807 192 3868 cf.
214 3807 306 3866 Kuhn
330 3807 505 3882 Versassunp
528 3807 576 3862 dea
597 3793 668 3862 edm.
691 3805 808 3862 Reicies
830 3802 858 3874 2,
876 3803 1011 3880 405seq.
1054 3803 1164 3862 Lucilii
1186 3803 1321 3862 Africani
1344 3821 1429 3862 sena-

142 3911 216 3969 toris
243 3909 371 3968 Romani
404 3908 512 3968 saltum
540 3907 727 3985 Beguensem
744 3915 870 3983 partem
898 3924 957 3965 non
984 3906 1136 3964 minimam
1164 3907 1305 3965 territorii
1332 3906 1429 3983 gentis

142 4011 389 4071 Musulamiorum
411 4011 505 4068 fuisse
528 4018 760 4068 consentaneum
783 4017 837 4068 est.
1358 4079 1365 4086 Ι

101 4115 151 4173 Ad
176 4134 202 4172 v.
219 4114 247 4172 2.
291 4114 379 4172 Liber
404 4117 603 4172 sententiarum
630 4117 659 4169 ia
686 4121 787 4170 senatu
815 4114 955 4172 dictarum
977 4112 1007 4170 Τ.
1030 4112 1099 4171 luni
1121 4111 1210 4188 Nipri
1235 4109 1267 4169 C.
1289 4111 1431 4187 Pompom'

148 4218 290 4277 Camerini
311 4216 515 4293 ca(u)a(ulum:
543 4216 585 4272 ita
612 4215 689 4272 enim
717 4215 853 4292 explico)
881 4214 1104 4290 componendus
1128 4223 1175 4272 est
1197 4233 1264 4271 cum
1286 4213 1363 4271 libro
1385 4233 1431 4284 eo,

144 4323 175 4378 in
201 4338 255 4396 quo
283 4330 349 4378 aaut
376 4319 621 4378 senatusconsulta
646 4319 694 4378 Cb.
723 4317 854 4376 Cornelio
875 4316 913 4375 L.
937 4317 1074 4374 Mummio
1099 4334 1156 4374 cce.
1185 4315 1226 4392 (a.
1249 4335 1277 4375 u.
1300 4335 1324 4374 c.
1346 4315 1431 4391 608),

102 4561 307 4571 ——-————-—a

181 4737 204 4800 ¹)
233 4738 372 4788 Frontinus
392 4741 418 4788 in
438 4747 547 4803 gromat.
567 4755 592 4803 p.
614 4739 647 4789 53
667 4740 711 4790 L.:
740 4739 766 4787 iu
786 4737 888 4804 Africa,
909 4736 952 4786 uhi
969 4736 1050 4787 saltus
1073 4752 1122 4785 non
1142 4736 1249 4784 uriuorea
1268 4732 1359 4785 habent
1373 4735 1431 4802 pri-

100 4832 157 4882 uati
175 4847 247 4897 mrum
264 4829 410 4898 respublica
429 4832 575 4882 territoria:
605 4832 665 4897 quia
688 4832 758 4880 imma
777 4831 861 4880 multia
880 4830 961 4880 saltus
985 4829 1058 4894 loayc
1078 4828 1187 4877 maiores
1205 4835 1262 4877 suat
1281 4828 1431 4877 territoriis:

103 4921 194 4974 habent
212 4930 291 4974 autem
309 4925 337 4973 iu
355 4921 462 4974 saltibus
476 4925 578 4990 priuati
596 4923 778 4989 non'exipuum
795 4923 913 4990 populum
928 4919 1053 4990 plebeium
1072 4926 1097 4970 et
1114 4936 1184 4970 arcos
1210 4921 1280 4970 circa
1299 4919 1387 4969 villam
1406 4921 1433 4968 iu
1476 4993 1477 4996 Ἴ

103 5015 199 5065 modum
221 5017 389 5067 munitionum.
428 5017 528 5067 Plinius
547 5017 573 5066 h.
591 5033 617 5068 n.
641 5018 686 5079 la,
703 5014 732 5077 6,
748 5016 796 5066 35:
821 5031 864 5066 cea
883 5014 978 5065 domiui
995 5014 1117 5064 semissem
1136 5011 1244 5078 Africae
1258 5009 1432 5080 possidebant,

104 5125 158 5159 cum
176 5108 301 5175 interfecit
318 5125 359 5162 ecc
376 5106 456 5160 Nero.
