3540 5828
360 487 407 558 96
968 505 1073 558 sossr

358 663 437 756 pidis
459 698 562 756 margo
584 680 627 738 ita
648 690 693 738 est
713 679 875 752 diffractos,
897 687 930 737 ut
950 678 1068 736 litterae
1089 677 1209 753 quidem
1232 677 1383 752 perierint,
1410 677 1518 752 planae
1541 689 1619 732 vero'
1638 693 1691 734 su-

356 781 488 858 perficiei
502 782 632 858 vestigia
652 790 827 858 appareant:
850 789 879 840 et
895 781 944 840 vix
967 782 1056 850 unius
1079 797 1170 856 supra
1184 797 1304 838 versum
1321 777 1339 836 2
1357 777 1475 837 litterae
1496 777 1690 836 altitudinem

358 885 396 941 ad
418 902 564 943 summum
586 885 716 960 lapidem
743 884 912 962 pertingere
934 884 1070 942 dimensa
1092 881 1190 958 spatia
1211 882 1425 940 demonstrent.
1469 880 1585 939 Versus
1609 880 1692 938 tertii

356 986 442 1045 initio
464 987 561 1063 prima
581 986 680 1045 littera
701 984 724 1061 (1
747 987 795 1045 vel
817 1002 836 1043 τ
859 985 907 1044 rel
928 985 958 1061 r)
981 1004 1000 1042 a
1020 983 1130 1060 lapidis
1153 993 1287 1043 extremo
1309 984 1442 1061 margine
1464 984 1507 1040 ita
1528 983 1633 1052 distat,
1657 991 1692 1039 ut

357 1089 396 1145 ad
420 1091 549 1168 rigorem
578 1089 727 1148 subiectae
755 1089 900 1147 fastorum
926 1087 1080 1146 columnae
1108 1088 1149 1145 sit
1174 1087 1329 1146 collocata
1373 1086 1409 1143 ld
1431 1084 1504 1144 mihi
1531 1105 1593 1144 non
1620 1085 1690 1144 leve

356 1190 497 1251 indicium
519 1192 636 1250 videtur
656 1191 919 1268 praescriptionem
941 1190 1087 1248 fastorum
1115 1205 1206 1266 supra
1232 1189 1330 1265 ipsam
1353 1189 1430 1246 hanc
1451 1188 1620 1246 columnam
1644 1187 1690 1244 in-

357 1294 464 1369 cipere.
508 1292 651 1352 Universi
672 1294 831 1352 latinarum
853 1293 925 1352 fasti
947 1290 1039 1369 lapidi
1061 1291 1147 1349 incisi
1176 1310 1246 1348 num
1270 1309 1288 1347 a
1309 1299 1443 1368 tempore
1464 1290 1690 1349 decemviratus

356 1395 475 1454 demum
502 1396 680 1471 inceperint,
714 1397 770 1453 hoc
799 1414 857 1452 uno
890 1412 949 1453 non
982 1395 1079 1451 ausim
1112 1392 1223 1451 indicio
1249 1393 1382 1452 definire.
1429 1392 1465 1450 ld
1492 1401 1574 1451 certe
1601 1412 1690 1468 prae·

357 1498 478 1574 scriptio
500 1497 640 1568 docebat,
669 1498 753 1556 cuius
779 1497 929 1574 prolixum
951 1503 1067 1554 textum
1088 1494 1181 1554 fuisse
1203 1515 1220 1554 e
1242 1495 1454 1570 superstitibus
1476 1514 1504 1553 v.
1528 1495 1546 1553 2
1575 1495 1689 1554 litteris

356 1617 477 1658 ...rvr
499 1616 602 1659 avrea
624 1601 699 1659 satis
720 1599 911 1676 intelligitur:
940 1616 1034 1674 eaque
1057 1597 1127 1673 quid
1151 1597 1275 1656 subiecti
1303 1585 1374 1656 fasti
1401 1599 1589 1657 continerent
1617 1617 1688 1657 esse

356 1702 536 1778 explicatum
562 1723 589 1760 v.
613 1703 630 1760 3
658 1702 750 1760 verba
844 1717 935 1760 tussa
957 1715 1106 1758 scarrrvn
1133 1700 1291 1758 manifesto
1318 1701 1460 1760 indicant.
1505 1699 1569 1761 Sub
1598 1721 1688 1777 prae·

356 1805 516 1882 scriptione
537 1803 608 1863 fasti
629 1805 660 1862 in
683 1805 836 1863 columnas
859 1803 1011 1862 distributi
1032 1803 1205 1880 procedunt.

439 1905 536 1966 Coll
556 1927 584 1964 v.
601 1909 628 1966 5.
665 1907 846 1966 Litterarum
869 1922 970 1964 ...vn
994 1905 1044 1962 vix
1066 1923 1183 1962 summa
1204 1914 1233 1962 et
1255 1905 1387 1978 minima,
1412 1926 1449 1965 ea
1469 1915 1569 1968 tamen
1592 1917 1687 1978 certa,

355 2009 483 2087 vestigia
504 2009 700 2085 deprehendi:
723 2029 800 2086 quae
822 2027 888 2066 cum
911 2007 1054 2066 historiae
1075 2025 1217 2065 romanae
1239 2007 1395 2067 annalibus
1417 2007 1536 2086 egregie
1558 2027 1687 2067 eoncor-

355 2111 436 2168 dent.
478 2109 558 2169 Nam
580 2110 778 2170 decemvirum
800 2119 897 2170 aetate
924 2111 990 2168 idus
1012 2109 1111 2166 Maiae
1136 2110 1284 2168 sollennes
1310 2112 1441 2169 ineundis
1467 2113 1686 2187 maqatrattta:
1724 2101 1727 2106 Δ

355 2224 437 2271 erant
464 2212 551 2286 (Liv.
567 2213 625 2286 111,
650 2213 702 2283 36;
730 2214 767 2271 cf.
790 2213 956 2272 Mommsen
977 2212 1014 2270 R.
1040 2212 1142 2271 Cleon.
1165 2232 1195 2288 p.
1212 2212 1249 2270 91
1275 2212 1319 2270 ed.
1337 2211 1389 2289 2):
1418 2232 1485 2271 rere
1508 2213 1602 2289 igitur
1624 2232 1686 2271 non

355 2325 423 2374 ante
437 2316 557 2374 Iunium
576 2316 693 2374 circiter
708 2334 840 2374 mensem
857 2315 974 2373 anonis
996 2314 1231 2390 magistratibus,
1253 2333 1379 2391 quorum
1402 2303 1432 2372 id
1454 2315 1587 2373 officium
1610 2325 1686 2388 erat,

355 2417 499 2476 celebrari
532 2426 595 2476 tum
629 2418 740 2477 latinae
772 2423 940 2494 potuerunt.
989 2415 1172 2494 Fragmenta
1197 2435 1341 2476 annorum
1369 2417 1542 2478 536-554
1571 2418 1686 2476 latinas

354 2520 455 2604 Aprili
476 2519 525 2578 vel
546 2519 626 2578 Maio
648 2521 710 2579 fere
731 2529 902 2579 constanter
925 2509 1097 2595 adsignant:
1119 2519 1157 2576 iis
1180 2520 1266 2578 annis
1289 2521 1387 2578 idibus
1402 2520 1519 2578 Martiis
1542 2521 1688 2580 consules

355 2622 561 2698 magistratum
583 2622 699 2681 inibant
720 2621 916 2698 (Mommsen,
937 2623 957 2681 l.
975 2639 1000 2678 c.
1023 2640 1051 2695 p.
1068 2621 1118 2694 97,
1140 2620 1203 2698 98).
1247 2622 1334 2680 Hanc
1356 2623 1497 2681 feriarum
1519 2622 1686 2682 latinarum

353 2743 421 2783 cum
442 2741 632 2784 romanorum
654 2725 884 2803 magistratuum
907 2725 1066 2786 annalibus
1088 2725 1277 2785 concordiam
1301 2744 1327 2783 v.
1346 2725 1380 2783 ll
1406 2725 1517 2802 insigni
1539 2726 1686 2802 exemplo

353 2827 515 2885 confirmat.

438 2929 473 2987 V.
491 2930 518 2988 7.
563 2927 759 2990 Sollemnium
782 2940 919 2989 notarum
942 2947 1028 2990 bs·
1051 2931 1176 3008 (tannae
1195 2929 1334 3006 suerunt)
1362 2928 1457 2988 altera
1478 2929 1685 3001 desideratur3

354 3031 441 3090 unico
457 3032 487 3090 in
502 3021 552 3090 his*
564 3031 661 3104 fastis,
674 3017 815 3109 duantum
832 3033 869 3090 ad
884 3033 961 3092 hanc
975 3034 1052 3092 diem
1068 3034 1217 3106 novimus,
1233 3033 1372 3108 exemplo
1383 3031 1421 3106 ¹).
1451 3031 1487 3090 In
1502 3031 1688 3110 fragmento,

353 3134 434 3210 quod
456 3134 615 3194 Henzenus
641 3135 735 3194 edidit
754 3136 774 3193 l.
790 3155 815 3204 c.
838 3155 867 3212 p.
886 3133 954 3209 132,
975 3136 1004 3208 4,
1031 3138 1094 3195 v.4
1116 3137 1215 3195 littera
1236 3151 1252 3193 s
1274 3134 1352 3192 haud
1379 3135 1491 3194 omissa
1512 3154 1531 3192 a
1552 3134 1690 3212 lapicida

353 3245 407 3308 est,
431 3235 483 3294 sed
505 3237 602 3314 periit.
1217 3295 1220 3310 ,

435 3338 474 3397 V.
491 3338 518 3398 8.
561 3341 730 3416 Antequam
753 3339 950 3417 fragmentum
975 3342 988 3396 l
1014 3351 1094 3400 esset
1120 3349 1270 3418 repertum
1297 3348 1326 3398 et
1348 3339 1365 3397 3
1389 3358 1443 3398 suo
1470 3340 1538 3399 loco
1560 3341 1689 3399 restitu-

353 3450 426 3512 tum,
448 3459 524 3518 quae
546 3441 577 3499 in
600 3460 716 3500 summa
736 3443 866 3501 fractura
887 3443 996 3518 lapidis
1012 3444 1029 3500 3
1047 3451 1223 3521 supererant
1241 3443 1353 3518 exigua
1373 3442 1538 3501 litterarum
1554 3443 1689 3519 vestigia

353 3542 488 3602 Henzeni
514 3543 665 3620 ingenium
689 3543 773 3602 valde
801 3554 961 3604 torserunt.
1004 3546 1194 3604 Bormannus
1222 3545 1341 3621 quidem
1367 3546 1493 3620 inipso
1516 3555 1619 3604 monte
1642 3545 1689 3602 al-

353 3644 429 3702 bano
459 3663 495 3704 ea
522 3633 602 3704 recte
624 3646 842 3723 descripserat:
870 3647 907 3704 iis
932 3667 1002 3705 vero
1028 3647 1138 3705 idonea
1164 3648 1372 3724 supplementa
1399 3647 1481 3705 nulla
1502 3647 1689 3706 videbantur

353 3765 444 3823 posse
466 3747 608 3806 adhiberi.
646 3748 695 3807 Ab
715 3748 859 3808 Henzeno
885 3757 1009 3826 rogatus
1036 3749 1166 3827 lapidem
1193 3768 1248 3826 ego
1276 3749 1395 3826 inspexi
1417 3749 1543 3808 Romam
1572 3750 1689 3827 adpor-

352 3859 456 3908 tatum.
493 3849 669 3908 Extremum
692 3851 834 3928 angulum
856 3853 899 3909 ita
919 3851 1060 3911 detritum
1082 3852 1158 3922 vidi,
1183 3860 1215 3909 ut
1237 3870 1272 3909 eo
1294 3852 1361 3910 loco
1383 3852 1483 3929 potius
1505 3884 1524 3910 a
1545 3871 1638 3928 quam
1663 3871 1687 3910 Ν

353 3961 524 4028 appareret:
548 3970 607 4026 quo
628 3953 740 4012 laetum
762 3962 808 4012 est
824 3961 856 4010 ut
870 3953 1032 4012 Henzenus
1048 3954 1231 4031 suppleverit
1246 3955 1394 4013 consulatu
1410 3963 1558 4013 rutenae.
1592 3953 1625 4013 N
1627 3974 1688 4014 unc

353 4053 491 4130 quamvis
513 4053 612 4130 lapide
634 4054 787 4130 deperdito
809 4076 845 4115 ea
867 4056 995 4132 vestigia
1016 4067 1163 4131 nequeant
1184 4057 1289 4114 iterato
1312 4057 1420 4116 subiici
1441 4055 1588 4128 examini,
1617 4058 1687 4115 nul-

351 4155 413 4213 lum
439 4156 587 4231 reliquum
615 4156 736 4215 dubium
765 4166 824 4230 est,
847 4159 929 4234 ¹quin
957 4158 1120 4216 Bormanni
1147 4159 1235 4217 lectio
1264 4158 1419 4218 verissima
1446 4160 1493 4217 sit.
1536 4159 1574 4216 Id
1601 4159 1687 4218 clare

352 4257 458 4315 docent
478 4257 644 4333 fragmenta
665 4267 733 4335 apte
756 4261 922 4336 composita
948 4271 977 4318 et
991 4261 1097 4338 ipsius
1124 4261 1233 4338 lapidis
1259 4274 1397 4338 ectypunr
1422 4261 1481 4320 uda
1504 4261 1610 4319 charta
1632 4282 1687 4320 ex-

351 4377 489 4435 pressum
511 4359 541 4416 in
564 4369 663 4420 monte
688 4363 810 4436 albano,
833 4372 992 4438 antequam
1014 4363 1097 4438 longi
1119 4363 1232 4422 itineris
1254 4363 1357 4422 attritu
1380 4363 1557 4440 superstites
1580 4366 1688 4441 apices

352 4462 458 4520 faciem
481 4472 638 4521 mutarent.

433 4563 576 4622 Lectione
591 4567 751 4625 constituta
773 4586 832 4626 non
847 4568 1006 4626 mediocria
1029 4569 1114 4644 pretii
1137 4569 1237 4626 locum
1258 4586 1350 4645 pergo
1365 4569 1526 4628 illustrare.
1559 4568 1602 4626 M.
1619 4569 1687 4627 Ηο-

351 4666 427 4724 ratio
450 4665 581 4726 Barbato
603 4670 719 4727 consuli
746 4691 771 4727 a.
797 4671 855 4728 305
884 4670 994 4747 duplex
1016 4671 1082 4727 heic
1103 4688 1266 4746 cognomen
1290 4672 1484 4741 adscribitur3
1511 4671 1687 4732 litterarum

352 4768 430 4826 enim
458 4770 590 4846 vestigia
613 4771 758 4844 ...sulm
787 4773 849 4832 sire
876 4773 930 4830 illa
958 4772 1096 4831 ...salu
1126 4773 1188 4831 sive
1211 4773 1367 4832 ...salu
1398 4775 1611 4850 suppleamus,
1642 4776 1687 4834 nil

428 5009 451 5072 ¹)
477 5009 517 5074 [Si
538 5015 600 5078 qnid
619 5015 707 5076 video,
728 5016 754 5064 in
775 5015 857 5064 feriali
876 5015 938 5064 suit:
959 5011 1049 5065 th'rr's
1069 5014 1179 5081 lepiMua
1197 5014 1352 5078 scribeJndr's
1370 5013 1503 5077 Llntr'nne)
1524 5033 1573 5066 non
1593 5017 1684 5082 [s(ae·

350 5102 443 5164 ruat)].
481 5105 586 5156 Scilicet
604 5109 691 5158 alteris
710 5108 800 5157 Xviris
819 5115 907 5172 utpote
927 5110 1026 5160 iniustis
1047 5109 1095 5158 boc
1115 5125 1215 5173 quoque
1235 5109 1439 5174 exprobrabatur
1457 5110 1536 5160 ferias
1563 5111 1686 5174 publicas

351 5209 395 5244 eos
415 5212 466 5246 non
486 5198 584 5249 iecisse.
624 5201 676 5256 un.
690 5199 740 5264 M]
