3540 5828
330 471 404 542 154
703 425 708 436 η
898 491 1077 546 consens:

300 691 302 698 1
409 662 469 724 Hic
490 665 567 724 alter
587 673 688 724 textus
710 664 788 724 tituli
802 665 966 728 Dianenaia
988 666 1034 744 (b)
1056 686 1122 727 cum
1144 667 1234 727 trium
1254 669 1470 728 vocabulorum
1491 670 1659 748 scriptione

329 765 447 825 differat
468 767 506 826 ab
527 766 581 826 illo
602 768 702 846 priore
724 766 782 846 (a),
808 768 907 829 iacere
928 788 989 828 non
1010 787 1145 848 possum,
1167 770 1240 860 quin
1263 779 1420 849 utrumque
1441 771 1506 832 eina
1527 791 1659 850 apogra-

325 867 418 946 phum
438 869 488 929 hic
509 871 542 930 in
563 879 727 947 conspecta
748 890 871 949 ponam:

496 1099 526 1138 c.
577 1095 715 1142 nanctus
758 1097 868 1140 namur
1030 1081 1058 1141 b.
1101 1097 1257 1142 metrorus
1284 1112 1292 1129 ·
1318 1099 1439 1150 nunna

574 1196 645 1241 onra
667 1182 732 1243 nrol
752 1199 799 1242 Αιε
824 1199 884 1243 exo
1103 1195 1436 1250 onrrz·n1n3ara·exo

575 1300 734 1346 sanata
777 1301 881 1345 [aas
1102 1302 1439 1347 sanata-tane

406 1487 474 1548 Hoc
511 1488 637 1548 alterum
674 1490 882 1570 apographum
921 1490 1151 1567 imprimendum
1186 1491 1311 1552 curavit.
1353 1485 1398 1554 St.
1433 1493 1656 1568 Maccbiarolli‚

322 1591 421 1650 Diana
457 1610 471 1650 e
507 1591 669 1651 Pomoaima
703 1612 758 1653 auc
792 1593 878 1652 calle.
913 1593 994 1670 Nep.
1030 1592 1124 1665 1868,
1147 1612 1180 1670 p.
1208 1593 1276 1654 271.
1325 1596 1462 1673 Apparet
1495 1597 1587 1673 igitur
1622 1598 1656 1656 in

321 1693 495 1771 apographo
530 1715 550 1754 a
584 1695 742 1774 scriptum·
764 1713 844 1756 esse:
886 1702 1019 1763 λαπονιο,
1057 1695 1088 1754 in
1123 1695 1155 1754 b:
1192 1703 1341 1764 αλαπονις,
1372 1698 1406 1756 in
1443 1719 1477 1758 a:
1514 1721 1588 1767 crac,
1620 1699 1655 1758 in

322 1797 352 1855 b:
382 1817 470 1864 carre,
494 1797 526 1856 in
553 1816 588 1856 a:
622 1793 748 1876 neaafc,
773 1799 805 1856 in
831 1799 861 1857 t:
884 1793 1008 1876 rvofc,
1038 1798 1071 1856 in
1106 1817 1126 1856 a
1156 1798 1250 1858 semel
1281 1807 1395 1859 tantum
1428 1800 1654 1877 interpunctum

322 1913 388 1958 esae
424 1907 495 1976 post
529 1920 599 1967 πιω,
637 1901 737 1977 ibique
777 1900 865 1978 signo
905 1919 1010 1977 parum
1045 1909 1145 1974 recto,
1185 1901 1217 1959 in
1252 1900 1270 1959 b
1305 1911 1411 1978 qnater
1446 1912 1555 1980 puncta
1589 1903 1654 1962 suia

320 2001 398 2060 locia
417 2001 597 2079 interposita
618 2019 685 2062 esse
707 2012 737 2061 et
762 2009 834 2081 post
853 2025 907 2060 πιω
930 2002 989 2060 tria
1008 2014 1119 2080 puncta
1138 2012 1219 2062 recte
1239 2005 1389 2063 restituta
1431 2004 1536 2082 ltaque
1558 2006 1655 2064 nemi·

320 2123 389 2163 nem
410 2103 514 2182 lugere
535 2112 645 2181 potest,
670 2105 878 2182 apographum
898 2104 1042 2164 blaudelli
1064 2105 1095 2164 in
1116 2105 1174 2163 line
1195 2105 1358 2165 voluminis
1379 2108 1502 2166 secundi
1521 2107 1592 2167 libri
1616 2108 1654 2166 de

319 2205 455 2266 Lucania
475 2207 578 2285 scripti
599 2207 731 2285 poaitum
746 2207 762 2264 b
778 2205 946 2266 accuratius
967 2215 997 2266 et
1017 2207 1180 2266 correctius
1203 2209 1350 2286 scriptum
1366 2225 1445 2283 ease,
1466 2227 1556 2286 quam
1577 2210 1655 2269 alte·

320 2329 396 2382 rum,
418 2318 578 2387 postquam
601 2309 773 2369 auctoribus
789 2309 865 2369 viria
879 2307 995 2368 Graece
1016 2309 1113 2369 doctis
1133 2309 1264 2386 lapidem
1286 2310 1385 2370 denno
1405 2311 1541 2388 inspexit
1562 2319 1654 2388 atque

200 2485 202 2492 γ
319 2412 513 2485 examinavit,
538 2411 693 2472 lectionem
715 2429 787 2471 vero
808 2408 923 2491 0ch
943 2410 974 2470 in
1001 2413 1018 2471 b
1041 2430 1096 2488 pro
1117 2408 1234 2491 cateja
1254 2411 1325 2472 inde
1346 2421 1443 2472 ortam
1464 2430 1542 2486 eaae,
1569 2415 1653 2490 quod

319 2513 418 2572 media
442 2514 523 2573 linea
547 2514 665 2575 litterae
686 2533 707 2573 Α
732 2514 764 2572 in
790 2532 939 2574 marmore
964 2513 1064 2574 deleta
1090 2523 1143 2573 aut
1168 2523 1366 2574 evanescente
1394 2517 1527 2576 restabat
1553 2515 1655 2577 forma

320 2614 456 2676 Graecae
480 2618 599 2676 litterae
619 2634 650 2676 Λ.
693 2616 769 2676 lndc
796 2616 945 2694 sequitur,
972 2624 1006 2676 nt
1031 2625 1132 2676 textus
1153 2616 1358 2696 inscriptionis
1379 2616 1545 2678 Dianenaia
1572 2619 1655 2678 bunc

319 2718 352 2778 in
373 2718 494 2780 modum
517 2718 742 2779 constituendus
764 2720 818 2780 ait:

815 2911 850 2965 Α.
872 2910 997 2968 Λαπονις
1017 2901 1147 2986 llaufnrc
1213 2935 1214 2938 ¹

796 3011 885 3070 Oreas
905 3027 958 3067 πιω
980 3031 1040 3068 aser.
1063 3031 1119 3067 ικσ.
1138 3041 1176 3053 -

870 3106 995 3191 {caasa
1010 3106 1100 3191 faba.
1162 3139 1169 3186 ¹·

324 3395 331 3410 ,
400 3333 486 3394 Haec
507 3335 598 3415 igitur
619 3337 713 3394 verba
737 3334 951 3410 interpretandi
971 3351 1081 3396 munus
1103 3335 1278 3412 priusquam
1292 3335 1408 3409 obeam,
1427 3336 1464 3394 de
1482 3335 1512 3394 li’
1533 3357 1652 3396 -uarum

317 3436 503 3497 Graecarum
526 3429 584 3497 usn
605 3447 636 3498 et
656 3437 767 3510 forma,
798 3437 907 3514 quibua
934 3437 1039 3514 scripti
1060 3429 1145 3510 aunt,
1173 3437 1272 3496 habeo
1293 3438 1375 3514 quod
1396 3439 1654 3516 praemortuum

315 3540 461 3599 videatur.
504 3541 663 3618 Apparent
683 3541 775 3616 igitur
795 3540 827 3598 in
848 3538 906 3598 hoc
927 3540 1016 3599 titulo
1038 3559 1106 3599 cum
1127 3540 1262 3600 brevium
1282 3540 1459 3599 vocaliuma
1481 3559 1510 3600 ez
1534 3565 1546 3596 c
1572 3541 1652 3598 litte-

315 3661 376 3716 rae,
398 3651 462 3701 tum
482 3642 641 3722 longarum
663 3667 679 3714 η
701 3652 732 3701 et
753 3666 785 3716 ω,
807 3650 839 3701 at
859 3639 1031 3719 promiscuo
1053 3659 1109 3702 usu
1130 3642 1292 3716 adhibitae,
1314 3650 1374 3701 ute
1391 3649 1449 3702 eto
1471 3653 1561 3701 eterni
1586 3643 1652 3700 lon-

316 3763 421 3823 garum
444 3745 592 3804 vocalium
613 3745 682 3804 loco
710 3745 826 3823 positae
854 3743 972 3804 sintin
989 3740 1068 3823 fuae
1095 3763 1149 3821 pro
1171 3744 1250 3815 oola,
1277 3765 1325 3802 εκο
1351 3762 1406 3821 pro
1428 3744 1496 3815 eleo,
1523 3749 1654 3807 Aurorae

314 3864 370 3930 pro
385 3845 558 3924 Lampetie,
580 3857 798 3916 contrairetur
816 3845 911 3906 etiam
932 3846 1040 3906 breves
1063 3846 1182 3906 vocales
1204 3846 1374 3924 significent
1394 3846 1426 3905 in
1441 3841 1572 3926 llaufmc
1593 3865 1653 3923 pro

314 3948 439 4008 Pakoria
461 3960 492 4009 et
512 3971 565 4006 πιω
588 3969 643 4027 pro
665 3948 784 4026 pio(m),
805 3949 838 4008 id
858 3948 938 4027 quod
960 3967 1000 4008 cx
1020 3949 1265 4026 interpretatione
1286 3967 1363 4026 quae
1385 3947 1522 4025 seqnitur
1536 3948 1654 4009 clarina

314 4050 449 4111 elucebit
493 4049 572 4111 (lum
597 4052 629 4112 in
655 4051 725 4112 aliis
750 4050 952 4111 monumentis
975 4048 1066 4110 Oscis
1089 4049 1206 4110 Graece
1230 4051 1352 4128 scriptis
1378 4059 1441 4109 tum
1463 4049 1595 4111 maxime
1619 4051 1652 4110 in

303 4145 400 4212 ‘titulo
414 4154 547 4212 Anxano
561 4152 751 4214 Lucanorum
774 4162 804 4212 et
817 4153 1001 4214 Messinensi
1022 4152 1268 4213 Mamertinorum
1288 4153 1405 4212 litteras
1427 4176 1444 4222 η
1466 4162 1497 4212 et
1518 4176 1538 4210 ω
1562 4153 1653 4213 iuxta

260 4307 262 4314 s
313 4277 327 4312 r
348 4262 379 4315 et
400 4279 413 4312 ο
436 4257 543 4316 breves
564 4257 686 4316 vocales
709 4256 888 4333 significare,
909 4256 943 4314 in
963 4257 1213 4316 commentatione
1235 4255 1271 4313 de
1293 4254 1539 4332 inscriptionibus
1556 4254 1651 4316 Oscis

312 4357 422 4417 litteris
445 4355 574 4417 Graecia
600 4359 753 4436 conceptis
781 4357 984 4417 demonstravi
1012 4357 1112 4434 (Z.J.
1133 4358 1223 4435 carpi.
1246 4355 1317 4434 Spr.
1339 4356 1375 4416 X
1379 4356 1470 4427 VIII,
1494 4355 1554 4415 190
1575 4359 1648 4434 sp).
1672 4419 1674 4422 ,
1761 4357 1763 4362 ’

311 4458 418 4537 Itaque
440 4460 480 4537 ad
499 4461 622 4520 illorum
643 4461 798 4520 titulorum
822 4459 1047 4519 similitudinem
1069 4460 1206 4537 proxime
1228 4459 1343 4518 accedit
1362 4459 1527 4519 litterarum
1553 4457 1652 4520 Grae·
1768 4461 1769 4464 ’

314 4580 417 4621 carum
439 4580 513 4621 usus
534 4562 567 4622 in
589 4581 737 4622 marmora
759 4561 908 4622 Dianenai
928 4561 1121 4621 Lucanorum
1142 4561 1334 4640 conspicuus.
1367 4579 1373 4590 ¹

394 4664 461 4724 Iam
487 4673 520 4724 ut
547 4665 587 4723 ad
610 4664 709 4742 ipsam
730 4664 820 4724 buius
842 4664 922 4724 tituli
944 4664 1220 4740 interpretationem
1241 4663 1414 4742 aggrediar,
1440 4668 1565 4725 Λαπονις
1586 4661 1650 4722 Th.
1766 4740 1770 4765 ³

311 4766 481 4826 Mommsen
506 4767 583 4826 vidit
607 4767 686 4827 idem
707 4785 816 4827 nomen
837 4766 948 4844 gentile
969 4784 1038 4826 eoae
1063 4785 1099 4825 ac
1120 4765 1163 4824 M.
1186 4765 1333 4843 Lamponi
1352 4764 1467 4825 Lucani
1488 4764 1650 4825 fortissimi

311 4867 392 4927 illius
414 4870 565 4928 sociorum
586 4870 618 4929 in
639 4869 720 4930 bello
735 4869 867 4930 Marsico
887 4868 981 4942 ducis,
1004 4868 1055 4945 qui
1078 4887 1169 4948 aegre
1189 4869 1309 4928 tandem
1332 4878 1401 4928 ante
1422 4876 1526 4947 portas
1548 4866 1648 4945 ipsius
1753 4877 1762 4942 ’“;

311 4971 394 5030 urbis
416 4990 483 5030 cum
503 4971 606 5030 Pontio
631 4971 757 5032 Telesino
780 4972 874 5032 victus
896 4979 944 5031 est
964 4990 983 5029 a
1003 4969 1041 5029 L.
1064 4968 1162 5032 Sulla.
1195 4970 1315 5031 Etenim
1336 4970 1475 5048 quamvis
1498 4969 1650 5029 vocabula

311 5070 395 5132 Osca
406 5071 610 5151 Pimpair’ana,
633 5076 854 5152 comprsioatud,
876 5082 997 5150 ampert,
1019 5073 1164 5152 umprufid
1184 5080 1401 5133 consonantem
1414 5092 1442 5132 m
1463 5082 1608 5151 sequente
1625 5093 1649 5150 p
1748 5062 1763 5164 Ιἶ

310 5175 456 5252 integram
477 5177 665 5236 servaverint
687 5175 902 5254 (Bruppucbcr,
920 5173 1022 5234 Loutl.
1038 5165 1067 5234 d.
1088 5174 1157 5236 oce.
1173 5175 1244 5253 Spr.
1262 5196 1294 5254 p.
1310 5179 1347 5238 71
1362 5176 1431 5255 ap),
1453 5184 1554 5234 tamen
1577 5193 1648 5234 oon·
1758 5222 1761 5228 ..
