3510 5820
911 526 1062 588 HUBNER

565 708 725 767 diversum.
763 705 908 768 Similiter
930 709 1019 767 etiam
1041 712 1064 766 it
1085 707 1227 766 suffixum
1251 727 1309 768 noa
1332 709 1421 786 plane
1442 708 1529 767 deest
1546 706 1577 764 in
1593 707 1653 765 lta·

564 811 649 884 licia,
678 820 712 869 ut
739 811 849 869 docent
875 811 1052 870 Amiternum
1083 811 1211 869 Uritinus
1237 809 1347 870 Lanita
1375 810 1490 889 (pagus
1512 809 1654 869 Nolanus

564 913 590 971 1.
612 912 651 971 N.
676 913 753 973 1983
778 939 815 963 =
838 911 964 972 Henzcn
984 911 1096 988 5165),
1131 921 1161 972 61
1187 932 1226 972 ex
1248 911 1365 972 Graeco
1391 932 1449 972 usu
1479 913 1653 973 derivandis

565 1015 617 1090 (61
642 1015 857 1093 anconitanus)
888 1017 919 1074 in
952 1015 1040 1073 ltalia
1070 1022 1100 1072 et
1127 1015 1157 1073 in
1189 1015 1315 1092 reliquis
1345 1015 1524 1092 provinciis,
1557 1015 1653 1074 veluti

563 1117 594 1175 in
623 1116 777 1176 Dalmatia
809 1118 971 1176 Neditunus
1000 1115 1225 1176 Praevalitana
1252 1118 1433 1176 Risinitanus
1459 1117 1654 1177 salonitanus

565 1216 813 1292 Scardonitanum
829 1219 1061 1297 comparandum
1077 1229 1234 1295 praetcrea
1247 1219 1437 1278 *Tcsuitanus
1452 1237 1560 1278 nomen
1572 1219 1656 1278 infra

563 1322 787 1390 recensendum.
826 1321 928 1381 Radix
950 1321 1078 1380 nominis
1100 1321 1181 1397 quod
1203 1331 1250 1380 cst
1269 1321 1444 1398 Calpetanus
1464 1331 1547 1380 extat
1564 1341 1655 1399 prae·

457 1417 459 1422 ’
565 1431 662 1496 terea,
689 1425 741 1482 sed
768 1443 836 1483 raro
864 1431 994 1495 tantum,
1021 1423 1135 1482 66111661
1161 1424 1192 1482 16
1222 1424 1324 1500 Calpio
1352 1422 1475 1501 (Calpr'a
1504 1423 1656 1495 Quartilla

321 1831 491 1892 Canoauvs

321 2035 492 2096 Cnnsnuvs

323 3060 483 3121 (16616666

563 1525 678 1586 Romae
700 1547 726 1585 a.
743 1526 782 1586 68
805 1526 830 1585 Ι.
847 1524 886 1584 N.
902 1524 997 1601 6855)
1021 1535 1051 1584 61
1075 1523 1251 1602 Calpurni03
1279 1526 1382 1602 itaque
1403 1526 1492 1584 ctiam
1510 1522 1654 1601 Calpeta-

565 1647 621 1686 nus
644 1629 767 1705 originis
789 1645 856 1688 csse
878 1629 1004 1688 Italicae
1026 1628 1138 1687 rectius
1161 1628 1315 1705 putabitur
1330 1649 1349 1687 a
1364 1628 1466 1706 Calpct
1486 1628 1533 1705 (ut
1546 1627 1655 1705 Nepet)

565 1730 613 1788 vel
632 1729 753 1806 Calpstu
776 1729 824 1805 (ut
848 1729 961 1805 Caieta)
983 1730 1116 1790 sortasse
1138 1728 1340 1789 derivandum.

567 1833 706 1892 Cardena
727 1831 764 1889 P.
785 1835 814 1908 s.
837 1832 964 1891 Procula
988 1833 1019 1890 in
1046 1813 1158 1891 Piceno
1182 1831 1277 1890 Orell.
1298 1832 1336 1891 85
1359 1859 1396 1882 =
1419 1831 1543 1892 chzen
1560 1833 1654 1905 7127,

649 1953 727 1993 uxor
749 1936 875 1994 octoviri
897 1934 993 1994 Firmi
1016 1944 1046 1992 61
1067 1934 1091 1991 F
1094 1933 1236 1993 alarione.

566 2037 610 2094 M.
635 2037 781 2113 Carsanus
803 2035 845 2096 M.
861 2040 890 2113 s.
914 2035 1101 2112 Stel(lutinu)
1124 2037 1244 2096 decurio

569 2137 718 2215 Carsonus
745 2139 812 2216 (661
833 2137 915 2215 -ius)
938 2137 1065 2198 Achilles
1089 2135 1205 2198 Sontini
1228 2137 1352 2199 Henzen
1373 2138 1477 2199 60416
1500 2139 1548 2216 pl,
1565 2140 1597 2216 s)
1624 2140 1656 2199 in

649 2241 793 2301 laterculo
816 2240 964 2300 cultorum
986 2239 1034 2298 661
1055 2241 1192 2299 Mithrae.

569 2343 695 2420 Carsani
715 2345 830 2402 Restuts
852 2343 887 2418 [i.
904 2362 930 2400 6.
953 2342 1102 2418 Restituti]
1133 2343 1232 2419 vigilis
1259 2362 1365 2402 nomen
1394 2344 1424 2402 in
1451 2343 1515 2403 basi
1538 2345 1657 2404 urbana

649 2467 676 2505 a
694 2444 753 2505 205
775 2445 922 2504 Marinius
946 2444 1114 2521 (16661416.
1137 2444 1299 2520 p.204,1,
1318 2444 1390 2521 144)
1413 2455 1442 2503 et
1463 2445 1657 2506 Kellcrman-

520 2577 521 2580 ¹
649 2568 705 2607 666
720 2547 812 2624 (vig.
834 2546 867 2620 2,
885 2547 918 2618 4,
934 2547 989 2622 54)
1011 2547 1162 2623 legerunt,
1187 2547 1316 2624 Carpant
1338 2547 1512 2606 Fabrettius
1535 2567 1564 2624 p.
1582 2549 1657 2621 613,

653 2651 786 2725 Carsumi
815 2649 977 2709 Henzcnus
1005 2659 1035 2706 et
1062 2648 1251 2708 Burmannus
1280 2648 1314 2708 C.
1336 2650 1361 2708 l.
1382 2649 1417 2710 L.
1439 2649 1484 2708 Vl
1507 2651 1603 2723 1056,
1619 2670 1656 2710 ss.

649 2752 728 2811 Puto
750 2753 842 2811 luisse
864 2750 1028 2811 (larianum
1051 2751 1099 2810 vel
1122 2749 1304 2811 Carfanium.

571 2855 691 2932 Cursum
719 2857 783 2914 sive
810 2853 928 2930 Cursum
956 2854 1059 2933 oppidi
1087 2873 1195 2914 nomen
1221 2849 1312 2913 161666
1338 2855 1554 2914 Mommscuins
1580 2856 1656 2914 olim

568 2959 738 3043 suspicatus
760 2957 864 3017 66166
886 2956 956 3015 6161.
979 2956 1017 3014 11.
1040 2955 1092 3014 161.
1115 2976 1144 3033 p.
1162 2955 1232 3015 243.

568 3059 606 3118 L.
630 3060 772 3119 Curianus
790 3059 828 3118 Ο.
851 3059 885 3134 (1.
901 3080 926 3118 6.
949 3058 1091 3134 mulieris)
1115 3057 1259 3136 l(ibrrtus)
1283 3056 1408 3118 Seuerus

569 3161 606 3220 L.
632 3163 775 3222 Curianus
793 3161 829 3220 Ο.
857 3163 877 3220 l.
899 3161 1031 3219 Zosimus
1057 3161 1172 3219 Romae
1194 3161 1224 3219 in
1246 3161 1347 3238 lapide
1372 3161 1465 3221 musei
1488 3160 1658 3238 Capitolini

653 3263 775 3324 Guasco
797 3284 826 3322 n.
843 3262 913 3336 633,
935 3281 1025 3339 quem
1047 3263 1136 3321 etiam
1158 3263 1320 3322 chzenus
1343 3263 1510 3340 descripsit.

569 3365 607 3426 L.
629 3365 772 3426 Corinnae
793 3365 910 3425 Cosmus
933 3365 1047 3425 Romae
1068 3361 1370 3437 1161666166736,52
1394 3386 1432 3425 cx
1453 3366 1583 3426 Piccarti
1608 3386 1659 3426 co·

653 3468 728 3528 6166.

324 3571 521 3633 Csssmauvs
570 3572 613 3629 M.
641 3570 816 3648 Caspilanua
839 3571 926 3647 Ns.
950 3567 1110 3630 Marcellus
1132 3569 1278 3629 Luceriae
1298 3570 1324 3628 Ι.
1340 3567 1380 3628 Ν.
1398 3571 1468 3630 974.

570 3671 780 3752 Comparanda
811 3671 974 3750 Cusp-eria
1002 3672 1181 3734 Sabinorum
1208 3669 1365 3751 oppidum,
1395 3673 1479 3731 66166
1503 3671 1660 3749 Vergilius

569 3777 703 3836 meminit
723 3779 800 3836 Aen.
816 3776 831 3834 1
847 3777 922 3847 7143
943 3784 1099 3854 praeterea
1120 3775 1231 3836 similia
1252 3794 1311 3834 uon
1333 3775 1460 3851 reperio.

325 3878 507 3939 Caricauvs
573 3880 607 3950 Q.
628 3879 761 3938 Culleoni
782 3878 865 3936 sau
885 3875 926 3936 'in
948 3881 1036 3958 cippo
1058 3898 1096 3937 cx
1119 3878 1279 3938 Tiburtino
1300 3877 1400 3954 lapide
1421 3877 1502 3954 apud
1524 3875 1661 3936 Nomen-

654 3976 729 4040 tum’
751 3981 886 4040 Fabretti
903 3979 973 4054 613,
992 3983 1060 4040 111.

570 4083 655 4142 Ν1611
678 4083 801 4159 impedit
823 4083 982 4158 quominus
1001 4082 1156 4143 Caticanus
1178 4083 1395 4141 nominativum
1417 4100 1485 4140 esse
1499 4101 1662 4159 ponamus,

570 4205 631 4244 non
656 4186 830 4257 0611666166,
854 4197 886 4243 61
905 4185 1077 4245 Fabrettius
1098 4184 1175 4244 16611.

326 4287 549 4346 0666666666
573 4287 609 4346 Ρ.
635 4284 814 4346 Corelliana
836 4285 872 4344 P.
901 4289 920 4345 l.
943 4287 1113 4364 Asyncritus
1139 4286 1316 4364 Augustalis
1338 4286 1432 4347 Uriae
1458 4288 1489 4346 iu
1516 4285 1663 4346 Calabris

654 4390 678 4448 I.
694 4388 733 4450 N.
751 4389 821 4460 571,
844 4388 895 4447 ubi
916 4389 1006 4448 etiarn
1028 4398 1114 4465 pater
1135 4391 1200 4448 eius
1222 4389 1410 4465 cognominis
1432 4397 1626 4448 memoratur.

570 4492 702 4551 Ploclus
729 4491 902 4564 Corelliana
923 4492 1042 4552 Procles
1064 4511 1160 4551 seruos
1182 4491 1337 4550 Brundisii
1359 4490 1384 4549 1.
1400 4490 1441 4550 Ν.
1457 4489 1527 4550 524.

571 4595 653 4652 Inter
667 4594 855 4653 Bruttiorum
876 4594 988 4673 oppida
1003 4591 1113 4653 Strabo
1129 4594 1157 4665 6,
1176 4595 1203 4666 1,
1219 4595 1238 4651 4
1261 4593 1397 4652 6661661
1410 4585 1567 4676 Κηρῖλλους
1588 4601 1664 4664 πλη-

571 4688 630 4754 σίον
645 4685 739 4768 Arium
762 4697 841 4774 apud
858 4693 965 4756 Silium
980 4697 1009 4769 8,
1025 4696 1086 4755 580
1115 4695 1246 4766 Cerillae,
1269 4696 1300 4753 in
1319 4695 1423 4754 tabula
1437 4693 1664 4771 Peutingcrana
1753 4704 1755 4707 '

575 4797 667 4857 Coreli
694 4799 846 4870 dicuntur,
874 4799 963 4858 hodie
988 4797 1097 4858 Circlla
1123 4799 1246 4857 vecchio.
1290 4795 1377 4856 Unde
1403 4797 1462 4854 iam
1490 4816 1510 4854 6
1534 4797 1665 4856 Momm-

572 4921 645 4960 6666
673 4901 709 4958 66
735 4901 806 4960 6161.
833 4901 869 4960 Ι1.
893 4902 945 4960 161.
972 4920 1001 4978 p.
1019 4899 1057 4960 72
1085 4899 1323 4960 Corellianorum
1349 4917 1457 4958 nomen
1485 4898 1666 4958 66116666·
1753 4956 1755 4959 .

570 5003 668 5081 picam
698 5005 844 5083 originem
869 5003 1012 5075 refertum
1041 5023 1059 5060 a
1085 5001 1301 5063 Caerelliorum
1332 5009 1402 5060 nota
1428 5008 1518 5079 gente
1545 5000 1667 5060 videtur
1731 5067 1745 5086 .·

571 5106 724 5165 diversum
748 5123 825 5165 cass.

615 5206 662 5266 Cl.
685 5209 765 5268 infra
788 5208 970 5268 Gerellanus.
