<?xml version="1.0" encoding="UTF-8"?>
<!DOCTYPE html PUBLIC "-//W3C//DTD XHTML 1.0 Transitional//EN"
    "http://www.w3.org/TR/xhtml1/DTD/xhtml1-transitional.dtd">
<html xmlns="http://www.w3.org/1999/xhtml" xml:lang="en" lang="en">
 <head>
  <title>
</title>
<meta http-equiv="Content-Type" content="text/html;charset=utf-8" />
  <meta name='ocr-system' content='tesseract 3.04.00' />
  <meta name='ocr-capabilities' content='ocr_page ocr_carea ocr_par ocr_line ocrx_word'/>
</head>
<body>
  <div class='ocr_page' id='page_1' title='image "./ephemerisepigra00henzgoog_0222.png"; bbox 0 0 3540 5828; ppageno 0'>
   <div class='ocr_carea' id='block_1_1' title="bbox 82 506 1427 587">
    <p class='ocr_par' dir='ltr' id='par_1_1' title="bbox 82 506 1427 587">
     <span class='ocr_line' id='line_1_1' title="bbox 82 506 1427 587; baseline 0.005 -15"><span class='ocrx_word' id='word_1_1' title='bbox 82 515 225 578; x_wconf 65' lang='grc' dir='ltr'>ἓιι-ιοο</span> <span class='ocrx_word' id='word_1_2' title='bbox 523 524 607 576; x_wconf 82' lang='lat' dir='ltr'><strong>von.</strong></span> <span class='ocrx_word' id='word_1_3' title='bbox 628 525 642 574; x_wconf 91' lang='lat'>1</span> <span class='ocrx_word' id='word_1_4' title='bbox 667 515 1026 587; x_wconf 75' lang='lat' dir='ltr'><strong>nunrovrssnrnnvn.</strong></span> <span class='ocrx_word' id='word_1_5' title='bbox 1354 506 1427 580; x_wconf 81' lang='lat'><strong>209</strong></span> 
     </span>
    </p>
   </div>
   <div class='ocr_carea' id='block_1_2' title="bbox 82 617 257 637">
    <p class='ocr_par' dir='ltr' id='par_1_2' title="bbox 82 617 257 637">
     <span class='ocr_line' id='line_1_2' title="bbox 82 617 257 637; baseline -0.006 1"><span class='ocrx_word' id='word_1_6' title='bbox 82 617 257 637; x_wconf 31' lang='lat' dir='ltr'><strong>g—</strong></span> 
     </span>
    </p>
   </div>
   <div class='ocr_carea' id='block_1_3' title="bbox 85 693 1517 2314">
    <p class='ocr_par' dir='ltr' id='par_1_3' title="bbox 85 693 1517 2314">
     <span class='ocr_line' id='line_1_3' title="bbox 85 693 1431 778; baseline 0.001 -20"><span class='ocrx_word' id='word_1_7' title='bbox 85 711 157 774; x_wconf 65' lang='lat' dir='ltr'><strong>pro</strong></span> <span class='ocrx_word' id='word_1_8' title='bbox 179 708 244 760; x_wconf 86' lang='lat' dir='ltr'><strong>toto</strong></span> <span class='ocrx_word' id='word_1_9' title='bbox 266 693 345 760; x_wconf 88' lang='lat' dir='ltr'><strong>enim</strong></span> <span class='ocrx_word' id='word_1_10' title='bbox 365 708 467 777; x_wconf 87' lang='lat' dir='ltr'><strong>partes</strong></span> <span class='ocrx_word' id='word_1_11' title='bbox 490 715 593 758; x_wconf 88' lang='lat' dir='ltr'><strong>omnes</strong></span> <span class='ocrx_word' id='word_1_12' title='bbox 615 699 695 757; x_wconf 86' lang='lat' dir='ltr'><strong>recte</strong></span> <span class='ocrx_word' id='word_1_13' title='bbox 717 707 876 775; x_wconf 83' lang='lat' dir='ltr'><strong>ponuntur,</strong></span> <span class='ocrx_word' id='word_1_14' title='bbox 898 700 1123 776; x_wconf 84' lang='lat' dir='ltr'><strong>compararique</strong></span> <span class='ocrx_word' id='word_1_15' title='bbox 1145 708 1273 778; x_wconf 78' lang='lat' dir='ltr'>possunt</span> <span class='ocrx_word' id='word_1_16' title='bbox 1295 702 1431 760; x_wconf 85' lang='lat' dir='ltr'><strong>decuriae</strong></span> 
     </span>
     <span class='ocr_line' id='line_1_4' title="bbox 89 801 1431 879; baseline 0.001 -18"><span class='ocrx_word' id='word_1_17' title='bbox 89 804 234 879; x_wconf 78' lang='lat' dir='ltr'><strong>quinque</strong></span> <span class='ocrx_word' id='word_1_18' title='bbox 256 802 386 862; x_wconf 91' lang='lat' dir='ltr'><strong>iudicum</strong></span> <span class='ocrx_word' id='word_1_19' title='bbox 408 809 438 860; x_wconf 88' lang='lat' dir='ltr'><strong>et</strong></span> <span class='ocrx_word' id='word_1_20' title='bbox 459 801 591 876; x_wconf 88' lang='lat' dir='ltr'><strong>equitum</strong></span> <span class='ocrx_word' id='word_1_21' title='bbox 614 801 735 860; x_wconf 83' lang='lat' dir='ltr'><strong>ordines</strong></span> <span class='ocrx_word' id='word_1_22' title='bbox 747 801 982 876; x_wconf 83' lang='lat' dir='ltr'><strong>quattuordecim</strong></span> <span class='ocrx_word' id='word_1_23' title='bbox 1004 809 1043 873; x_wconf 87' lang='lat' dir='ltr'><strong>et,</strong></span> <span class='ocrx_word' id='word_1_24' title='bbox 1065 821 1142 878; x_wconf 87' lang='lat' dir='ltr'><strong>quoe</strong></span> <span class='ocrx_word' id='word_1_25' title='bbox 1162 802 1221 861; x_wconf 90' lang='lat' dir='ltr'><strong>huc</strong></span> <span class='ocrx_word' id='word_1_26' title='bbox 1242 803 1431 878; x_wconf 88' lang='lat' dir='ltr'><strong>potissimum</strong></span> 
     </span>
     <span class='ocr_line' id='line_1_5' title="bbox 92 901 1434 983; baseline 0.001 -19"><span class='ocrx_word' id='word_1_27' title='bbox 92 905 243 982; x_wconf 77' lang='lat' dir='ltr'>pertinet,</span> <span class='ocrx_word' id='word_1_28' title='bbox 266 905 352 981; x_wconf 90' lang='lat' dir='ltr'><strong>plebs</strong></span> <span class='ocrx_word' id='word_1_29' title='bbox 374 905 489 963; x_wconf 86' lang='lat' dir='ltr'><strong>urbana</strong></span> <span class='ocrx_word' id='word_1_30' title='bbox 504 908 627 980; x_wconf 83' lang='lat' dir='ltr'><strong>quinque</strong></span> <span class='ocrx_word' id='word_1_31' title='bbox 648 914 674 962; x_wconf 85' lang='lat' dir='ltr'><strong>et</strong></span> <span class='ocrx_word' id='word_1_32' title='bbox 694 908 810 979; x_wconf 75' lang='lat' dir='ltr'><strong>tripintc</strong></span> <span class='ocrx_word' id='word_1_33' title='bbox 825 905 946 964; x_wconf 80' lang='lat' dir='ltr'><strong>tribuum</strong></span> <span class='ocrx_word' id='word_1_34' title='bbox 961 901 1069 979; x_wconf 90' lang='lat' dir='ltr'><strong>(Oroll.</strong></span> <span class='ocrx_word' id='word_1_35' title='bbox 1085 903 1191 980; x_wconf 81' lang='lat'>3064).</span> <span class='ocrx_word' id='word_1_36' title='bbox 1235 905 1434 983; x_wconf 86' lang='lat' dir='ltr'><strong>Respublica</strong></span> 
     </span>
     <span class='ocr_line' id='line_1_6' title="bbox 90 1006 1431 1086; baseline 0.001 -21"><span class='ocrx_word' id='word_1_37' title='bbox 90 1027 146 1078; x_wconf 80' lang='lat' dir='ltr'><strong>ea,</strong></span> <span class='ocrx_word' id='word_1_38' title='bbox 171 1008 256 1066; x_wconf 88' lang='lat' dir='ltr'><strong>onius</strong></span> <span class='ocrx_word' id='word_1_39' title='bbox 277 1006 397 1067; x_wconf 89' lang='lat' dir='ltr'><strong>nomine</strong></span> <span class='ocrx_word' id='word_1_40' title='bbox 419 1007 478 1065; x_wconf 93' lang='lat' dir='ltr'><strong>hoc</strong></span> <span class='ocrx_word' id='word_1_41' title='bbox 501 1006 658 1065; x_wconf 80' lang='lat' dir='ltr'><strong>vasculum</strong></span> <span class='ocrx_word' id='word_1_42' title='bbox 679 1006 790 1065; x_wconf 84' lang='lat' dir='ltr'><strong>lactum</strong></span> <span class='ocrx_word' id='word_1_43' title='bbox 812 1013 866 1077; x_wconf 88' lang='lat' dir='ltr'><strong>est,</strong></span> <span class='ocrx_word' id='word_1_44' title='bbox 889 1025 956 1064; x_wconf 88' lang='lat' dir='ltr'><strong>cum</strong></span> <span class='ocrx_word' id='word_1_45' title='bbox 979 1008 1034 1065; x_wconf 87' lang='lat' dir='ltr'><strong>sub</strong></span> <span class='ocrx_word' id='word_1_46' title='bbox 1054 1006 1203 1083; x_wconf 84' lang='lat' dir='ltr'><strong>praelecto</strong></span> <span class='ocrx_word' id='word_1_47' title='bbox 1223 1007 1323 1080; x_wconf 87' lang='lat' dir='ltr'><strong>fuerit,</strong></span> <span class='ocrx_word' id='word_1_48' title='bbox 1344 1027 1431 1086; x_wconf 89' lang='lat' dir='ltr'><strong>prae·</strong></span> 
     </span>
     <span class='ocr_line' id='line_1_7' title="bbox 93 1107 1433 1184; baseline 0 -16"><span class='ocrx_word' id='word_1_49' title='bbox 93 1111 220 1169; x_wconf 75' lang='lat' dir='ltr'><strong>lectura</strong></span> <span class='ocrx_word' id='word_1_50' title='bbox 239 1109 329 1168; x_wconf 87' lang='lat' dir='ltr'><strong>fuerit</strong></span> <span class='ocrx_word' id='word_1_51' title='bbox 351 1127 474 1168; x_wconf 87' lang='lat' dir='ltr'><strong>necesse</strong></span> <span class='ocrx_word' id='word_1_52' title='bbox 497 1117 552 1180; x_wconf 88' lang='lat' dir='ltr'><strong>est,</strong></span> <span class='ocrx_word' id='word_1_53' title='bbox 586 1117 620 1166; x_wconf 89' lang='lat' dir='ltr'><strong>ut</strong></span> <span class='ocrx_word' id='word_1_54' title='bbox 650 1109 772 1167; x_wconf 88' lang='lat' dir='ltr'><strong>fuerunt</strong></span> <span class='ocrx_word' id='word_1_55' title='bbox 803 1128 821 1166; x_wconf 87' lang='lat' dir='ltr'><strong>a</strong></span> <span class='ocrx_word' id='word_1_56' title='bbox 849 1107 954 1184; x_wconf 91' lang='lat' dir='ltr'><strong>quinto</strong></span> <span class='ocrx_word' id='word_1_57' title='bbox 977 1109 1095 1168; x_wconf 85' lang='lat' dir='ltr'><strong>saeculo</strong></span> <span class='ocrx_word' id='word_1_58' title='bbox 1128 1108 1166 1167; x_wconf 87' lang='lat' dir='ltr'><strong>ad</strong></span> <span class='ocrx_word' id='word_1_59' title='bbox 1187 1109 1298 1168; x_wconf 86' lang='lat' dir='ltr'><strong>bellurn</strong></span> <span class='ocrx_word' id='word_1_60' title='bbox 1321 1109 1433 1168; x_wconf 81' lang='lat' dir='ltr'><strong>sociale</strong></span> 
     </span>
     <span class='ocr_line' id='line_1_8' title="bbox 96 1208 1434 1284; baseline 0 -14"><span class='ocrx_word' id='word_1_61' title='bbox 96 1211 205 1270; x_wconf 82' lang='lat' dir='ltr'><strong>Fundi</strong></span> <span class='ocrx_word' id='word_1_62' title='bbox 228 1219 257 1270; x_wconf 87' lang='lat' dir='ltr'><strong>et</strong></span> <span class='ocrx_word' id='word_1_63' title='bbox 279 1211 420 1271; x_wconf 83' lang='lat' dir='ltr'><strong>Formiae</strong></span> <span class='ocrx_word' id='word_1_64' title='bbox 446 1221 477 1270; x_wconf 84' lang='lat' dir='ltr'><strong>et</strong></span> <span class='ocrx_word' id='word_1_65' title='bbox 497 1211 575 1269; x_wconf 87' lang='lat' dir='ltr'><strong>alise</strong></span> <span class='ocrx_word' id='word_1_66' title='bbox 596 1210 718 1270; x_wconf 85' lang='lat' dir='ltr'><strong>multae.</strong></span> <span class='ocrx_word' id='word_1_67' title='bbox 773 1208 859 1284; x_wconf 83' lang='lat' dir='ltr'><strong>Quae</strong></span> <span class='ocrx_word' id='word_1_68' title='bbox 881 1229 948 1268; x_wconf 83' lang='lat' dir='ltr'><strong>cunt</strong></span> <span class='ocrx_word' id='word_1_69' title='bbox 970 1209 1077 1270; x_wconf 90' lang='lat' dir='ltr'><strong>civium</strong></span> <span class='ocrx_word' id='word_1_70' title='bbox 1105 1209 1311 1270; x_wconf 86' lang='lat' dir='ltr'><strong>Romanorum</strong></span> <span class='ocrx_word' id='word_1_71' title='bbox 1333 1219 1434 1270; x_wconf 86' lang='lat' dir='ltr'><strong>essent</strong></span> 
     </span>
     <span class='ocr_line' id='line_1_9' title="bbox 99 1313 1433 1391; baseline 0.001 -20"><span class='ocrx_word' id='word_1_72' title='bbox 99 1313 188 1389; x_wconf 66' lang='lat' dir='ltr'><strong>(reim.</strong></span> <span class='ocrx_word' id='word_1_73' title='bbox 212 1313 391 1374; x_wconf 75' lang='lat' dir='ltr'><strong>Mdnrwcsen</strong></span> <span class='ocrx_word' id='word_1_74' title='bbox 413 1333 442 1390; x_wconf 88' lang='lat' dir='ltr'><strong>p.</strong></span> <span class='ocrx_word' id='word_1_75' title='bbox 458 1313 549 1391; x_wconf 84' lang='lat'>336),</span> <span class='ocrx_word' id='word_1_76' title='bbox 571 1313 646 1372; x_wconf 89' lang='lat' dir='ltr'>nihil</span> <span class='ocrx_word' id='word_1_77' title='bbox 674 1313 807 1390; x_wconf 88' lang='lat' dir='ltr'><strong>impedit,</strong></span> <span class='ocrx_word' id='word_1_78' title='bbox 834 1313 991 1388; x_wconf 84' lang='lat' dir='ltr'><strong>quominus</strong></span> <span class='ocrx_word' id='word_1_79' title='bbox 1018 1313 1050 1371; x_wconf 88' lang='lat' dir='ltr'><strong>in</strong></span> <span class='ocrx_word' id='word_1_80' title='bbox 1078 1330 1149 1372; x_wconf 88' lang='lat' dir='ltr'><strong>suas</strong></span> <span class='ocrx_word' id='word_1_81' title='bbox 1175 1331 1311 1390; x_wconf 85' lang='lat' dir='ltr'><strong>quaeque</strong></span> <span class='ocrx_word' id='word_1_82' title='bbox 1337 1315 1433 1373; x_wconf 89' lang='lat' dir='ltr'><strong>tribus</strong></span> 
     </span>
     <span class='ocr_line' id='line_1_10' title="bbox 103 1415 1435 1493; baseline 0.001 -19"><span class='ocrx_word' id='word_1_83' title='bbox 103 1417 284 1475; x_wconf 86' lang='lat' dir='ltr'><strong>distributae</strong></span> <span class='ocrx_word' id='word_1_84' title='bbox 311 1416 435 1487; x_wconf 87' lang='lat' dir='ltr'><strong>luerint,</strong></span> <span class='ocrx_word' id='word_1_85' title='bbox 467 1420 580 1493; x_wconf 86' lang='lat' dir='ltr'><strong>pariter</strong></span> <span class='ocrx_word' id='word_1_86' title='bbox 607 1424 697 1492; x_wconf 85' lang='lat' dir='ltr'><strong>atque</strong></span> <span class='ocrx_word' id='word_1_87' title='bbox 719 1415 852 1475; x_wconf 86' lang='lat' dir='ltr'><strong>colonias</strong></span> <span class='ocrx_word' id='word_1_88' title='bbox 881 1415 989 1474; x_wconf 81' lang='lat' dir='ltr'><strong>civium</strong></span> <span class='ocrx_word' id='word_1_89' title='bbox 1010 1415 1214 1475; x_wconf 84' lang='lat' dir='ltr'><strong>Romanorum</strong></span> <span class='ocrx_word' id='word_1_90' title='bbox 1234 1433 1309 1475; x_wconf 80' lang='lat' dir='ltr'><strong>suas</strong></span> <span class='ocrx_word' id='word_1_91' title='bbox 1331 1434 1435 1492; x_wconf 88' lang='lat' dir='ltr'><strong>qnam·</strong></span> 
     </span>
     <span class='ocr_line' id='line_1_11' title="bbox 106 1516 1435 1597; baseline 0 -21"><span class='ocrx_word' id='word_1_92' title='bbox 106 1537 166 1595; x_wconf 86' lang='lat' dir='ltr'><strong>que</strong></span> <span class='ocrx_word' id='word_1_93' title='bbox 188 1518 285 1578; x_wconf 90' lang='lat' dir='ltr'><strong>tribus</strong></span> <span class='ocrx_word' id='word_1_94' title='bbox 307 1520 450 1578; x_wconf 81' lang='lat' dir='ltr'><strong>habuisse</strong></span> <span class='ocrx_word' id='word_1_95' title='bbox 472 1537 567 1597; x_wconf 83' lang='lat' dir='ltr'><strong>nuper</strong></span> <span class='ocrx_word' id='word_1_96' title='bbox 588 1518 770 1577; x_wconf 89' lang='lat' dir='ltr'><strong>intellectum</strong></span> <span class='ocrx_word' id='word_1_97' title='bbox 794 1527 841 1576; x_wconf 88' lang='lat' dir='ltr'><strong>est</strong></span> <span class='ocrx_word' id='word_1_98' title='bbox 862 1516 904 1594; x_wconf 87' lang='lat' dir='ltr'><strong>(v.</strong></span> <span class='ocrx_word' id='word_1_99' title='bbox 922 1536 1015 1593; x_wconf 86' lang='lat' dir='ltr'><strong>supra</strong></span> <span class='ocrx_word' id='word_1_100' title='bbox 1028 1537 1057 1595; x_wconf 90' lang='lat' dir='ltr'><strong>p.</strong></span> <span class='ocrx_word' id='word_1_101' title='bbox 1073 1517 1156 1594; x_wconf 81' lang='lat'>125).</span> <span class='ocrx_word' id='word_1_102' title='bbox 1200 1517 1321 1578; x_wconf 85' lang='lat' dir='ltr'><strong>Primus</strong></span> <span class='ocrx_word' id='word_1_103' title='bbox 1336 1528 1435 1576; x_wconf 87' lang='lat' dir='ltr'><strong>autem</strong></span> 
     </span>
     <span class='ocr_line' id='line_1_12' title="bbox 104 1619 1517 1698; baseline -0.001 -19"><span class='ocrx_word' id='word_1_104' title='bbox 104 1622 152 1680; x_wconf 90' lang='lat' dir='ltr'><strong>hic</strong></span> <span class='ocrx_word' id='word_1_105' title='bbox 173 1621 281 1680; x_wconf 86' lang='lat' dir='ltr'><strong>titulus</strong></span> <span class='ocrx_word' id='word_1_106' title='bbox 304 1630 364 1693; x_wconf 86' lang='lat' dir='ltr'><strong>est,</strong></span> <span class='ocrx_word' id='word_1_107' title='bbox 397 1640 484 1697; x_wconf 87' lang='lat' dir='ltr'><strong>quem</strong></span> <span class='ocrx_word' id='word_1_108' title='bbox 515 1622 551 1680; x_wconf 90' lang='lat' dir='ltr'><strong>ad</strong></span> <span class='ocrx_word' id='word_1_109' title='bbox 585 1622 649 1679; x_wconf 89' lang='lat' dir='ltr'><strong>eius</strong></span> <span class='ocrx_word' id='word_1_110' title='bbox 671 1621 789 1696; x_wconf 85' lang='lat' dir='ltr'><strong>generis</strong></span> <span class='ocrx_word' id='word_1_111' title='bbox 812 1621 994 1698; x_wconf 85' lang='lat' dir='ltr'><strong>praelectum</strong></span> <span class='ocrx_word' id='word_1_112' title='bbox 1029 1619 1223 1697; x_wconf 84' lang='lat' dir='ltr'><strong>probabiliter</strong></span> <span class='ocrx_word' id='word_1_113' title='bbox 1244 1621 1369 1692; x_wconf 83' lang='lat' dir='ltr'><strong>referas3</strong></span> <span class='ocrx_word' id='word_1_114' title='bbox 1403 1628 1436 1678; x_wconf 87' lang='lat' dir='ltr'><strong>nt</strong></span> <span class='ocrx_word' id='word_1_115' title='bbox 1514 1672 1517 1678; x_wconf 88' lang='lat'><em>.</em></span> 
     </span>
     <span class='ocr_line' id='line_1_13' title="bbox 106 1721 1435 1802; baseline -0.001 -20"><span class='ocrx_word' id='word_1_116' title='bbox 106 1743 289 1802; x_wconf 80' lang='lat' dir='ltr'><strong>magnopere</strong></span> <span class='ocrx_word' id='word_1_117' title='bbox 311 1724 472 1783; x_wconf 91' lang='lat' dir='ltr'><strong>dolendum</strong></span> <span class='ocrx_word' id='word_1_118' title='bbox 494 1725 534 1783; x_wconf 89' lang='lat' dir='ltr'><strong>sit</strong></span> <span class='ocrx_word' id='word_1_119' title='bbox 554 1723 591 1786; x_wconf 84' lang='lat' dir='ltr'><strong>dc</strong></span> <span class='ocrx_word' id='word_1_120' title='bbox 613 1723 726 1800; x_wconf 82' lang='lat' dir='ltr'><strong>origine</strong></span> <span class='ocrx_word' id='word_1_121' title='bbox 749 1724 813 1782; x_wconf 87' lang='lat' dir='ltr'><strong>eius</strong></span> <span class='ocrx_word' id='word_1_122' title='bbox 834 1741 894 1781; x_wconf 92' lang='lat' dir='ltr'><strong>uon</strong></span> <span class='ocrx_word' id='word_1_123' title='bbox 915 1723 1039 1798; x_wconf 88' lang='lat' dir='ltr'><strong>liquere.</strong></span> <span class='ocrx_word' id='word_1_124' title='bbox 1062 1756 1097 1766; x_wconf 90' lang='lat'><strong>—</strong></span> <span class='ocrx_word' id='word_1_125' title='bbox 1134 1721 1242 1782; x_wconf 85' lang='lat' dir='ltr'><strong>Laeuii</strong></span> <span class='ocrx_word' id='word_1_126' title='bbox 1262 1722 1435 1782; x_wconf 83' lang='lat' dir='ltr'><strong>Brundisini</strong></span> 
     </span>
     <span class='ocr_line' id='line_1_14' title="bbox 105 1823 1435 1902; baseline 0 -18"><span class='ocrx_word' id='word_1_127' title='bbox 105 1826 255 1902; x_wconf 87' lang='lat' dir='ltr'><strong>equestris</strong></span> <span class='ocrx_word' id='word_1_128' title='bbox 297 1828 415 1886; x_wconf 87' lang='lat' dir='ltr'><strong>ordines</strong></span> <span class='ocrx_word' id='word_1_129' title='bbox 450 1827 585 1885; x_wconf 88' lang='lat' dir='ltr'><strong>homines</strong></span> <span class='ocrx_word' id='word_1_130' title='bbox 625 1831 896 1885; x_wconf 84' lang='lat' dir='ltr'><strong>commemorantur</strong></span> <span class='ocrx_word' id='word_1_131' title='bbox 931 1825 1010 1900; x_wconf 82' lang='lat' dir='ltr'><strong>opud</strong></span> <span class='ocrx_word' id='word_1_132' title='bbox 1048 1823 1222 1884; x_wconf 84' lang='lat' dir='ltr'><strong>Ciceronem</strong></span> <span class='ocrx_word' id='word_1_133' title='bbox 1255 1824 1435 1884; x_wconf 85' lang='lat' dir='ltr'><strong>Varronem-</strong></span> 
     </span>
     <span class='ocr_line' id='line_1_15' title="bbox 108 1927 1435 2006; baseline -0.001 -19"><span class='ocrx_word' id='word_1_134' title='bbox 108 1949 165 2006; x_wconf 90' lang='lat' dir='ltr'><strong>qne</strong></span> <span class='ocrx_word' id='word_1_135' title='bbox 188 1929 230 2006; x_wconf 86' lang='lat' dir='ltr'><strong>(v.</strong></span> <span class='ocrx_word' id='word_1_136' title='bbox 254 1939 403 1988; x_wconf 75' lang='lat' dir='ltr'><strong>onomast.</strong></span> <span class='ocrx_word' id='word_1_137' title='bbox 425 1929 598 1988; x_wconf 90' lang='lat' dir='ltr'><strong>Tullianum</strong></span> <span class='ocrx_word' id='word_1_138' title='bbox 621 1947 643 1988; x_wconf 90' lang='lat' dir='ltr'><strong>s.</strong></span> <span class='ocrx_word' id='word_1_139' title='bbox 667 1929 723 2005; x_wconf 87' lang='lat' dir='ltr'><strong>v.);</strong></span> <span class='ocrx_word' id='word_1_140' title='bbox 746 1928 862 1987; x_wconf 79' lang='lat' dir='ltr'><strong>Laenio</strong></span> <span class='ocrx_word' id='word_1_141' title='bbox 883 1927 989 1986; x_wconf 88' lang='lat' dir='ltr'><strong>mulier</strong></span> <span class='ocrx_word' id='word_1_142' title='bbox 1008 1927 1079 1986; x_wconf 87' lang='lat' dir='ltr'><strong>item</strong></span> <span class='ocrx_word' id='word_1_143' title='bbox 1101 1929 1271 1987; x_wconf 84' lang='lat' dir='ltr'><strong>nominatur</strong></span> <span class='ocrx_word' id='word_1_144' title='bbox 1292 1930 1323 1987; x_wconf 95' lang='lat' dir='ltr'><strong>in</strong></span> <span class='ocrx_word' id='word_1_145' title='bbox 1350 1928 1435 1987; x_wconf 87' lang='lat' dir='ltr'><strong>titulo</strong></span> 
     </span>
     <span class='ocr_line' id='line_1_16' title="bbox 107 2029 1435 2107; baseline -0.002 -17"><span class='ocrx_word' id='word_1_146' title='bbox 107 2031 275 2090; x_wconf 84' lang='lat' dir='ltr'><strong>Tarentino</strong></span> <span class='ocrx_word' id='word_1_147' title='bbox 296 2031 322 2089; x_wconf 91' lang='grc' dir='ltr'><strong>Ι.</strong></span> <span class='ocrx_word' id='word_1_148' title='bbox 333 2030 372 2090; x_wconf 83' lang='grc' dir='ltr'><strong>Ν.</strong></span> <span class='ocrx_word' id='word_1_149' title='bbox 394 2031 463 2092; x_wconf 80' lang='lat'>584.</span> <span class='ocrx_word' id='word_1_150' title='bbox 507 2031 542 2090; x_wconf 91' lang='lat' dir='ltr'><strong>In</strong></span> <span class='ocrx_word' id='word_1_151' title='bbox 564 2031 746 2090; x_wconf 87' lang='lat' dir='ltr'><strong>nominativo</strong></span> <span class='ocrx_word' id='word_1_152' title='bbox 769 2031 915 2091; x_wconf 83' lang='lat' dir='ltr'><strong>secundae</strong></span> <span class='ocrx_word' id='word_1_153' title='bbox 937 2048 951 2088; x_wconf 82' lang='lat' dir='ltr'><strong>s</strong></span> <span class='ocrx_word' id='word_1_154' title='bbox 973 2029 1074 2089; x_wconf 86' lang='lat' dir='ltr'><strong>littera</strong></span> <span class='ocrx_word' id='word_1_155' title='bbox 1093 2030 1182 2088; x_wconf 91' lang='lat' dir='ltr'><strong>modo</strong></span> <span class='ocrx_word' id='word_1_156' title='bbox 1203 2030 1325 2107; x_wconf 84' lang='lat' dir='ltr'><strong>ponitur</strong></span> <span class='ocrx_word' id='word_1_157' title='bbox 1346 2030 1435 2088; x_wconf 92' lang='lat' dir='ltr'><strong>modo</strong></span> 
     </span>
     <span class='ocr_line' id='line_1_17' title="bbox 107 2130 1436 2207; baseline -0.001 -15"><span class='ocrx_word' id='word_1_158' title='bbox 107 2134 217 2206; x_wconf 84' lang='lat' dir='ltr'><strong>delicit,</strong></span> <span class='ocrx_word' id='word_1_159' title='bbox 244 2141 277 2192; x_wconf 87' lang='lat' dir='ltr'><strong>ut</strong></span> <span class='ocrx_word' id='word_1_160' title='bbox 302 2137 333 2192; x_wconf 93' lang='lat' dir='ltr'><strong>in</strong></span> <span class='ocrx_word' id='word_1_161' title='bbox 360 2134 455 2192; x_wconf 87' lang='lat' dir='ltr'><strong>titulis</strong></span> <span class='ocrx_word' id='word_1_162' title='bbox 477 2132 659 2193; x_wconf 83' lang='lat' dir='ltr'><strong>Tusculanis</strong></span> <span class='ocrx_word' id='word_1_163' title='bbox 679 2134 739 2194; x_wconf 86' lang='lat' dir='ltr'><strong>vol.</strong></span> <span class='ocrx_word' id='word_1_164' title='bbox 760 2134 775 2192; x_wconf 92' lang='lat'>1</span> <span class='ocrx_word' id='word_1_165' title='bbox 797 2153 826 2192; x_wconf 92' lang='lat' dir='ltr'><strong>n.</strong></span> <span class='ocrx_word' id='word_1_166' title='bbox 847 2133 896 2192; x_wconf 83' lang='lat'><strong>64.</strong></span> <span class='ocrx_word' id='word_1_167' title='bbox 914 2132 966 2192; x_wconf 85' lang='lat'><strong>65:</strong></span> <span class='ocrx_word' id='word_1_168' title='bbox 997 2132 1040 2191; x_wconf 88' lang='grc' dir='ltr'><strong>Μ.</strong></span> <span class='ocrx_word' id='word_1_169' title='bbox 1064 2133 1172 2192; x_wconf 80' lang='lat' dir='ltr'><strong>Fourio</strong></span> <span class='ocrx_word' id='word_1_170' title='bbox 1203 2130 1235 2191; x_wconf 84' lang='lat' dir='ltr'><strong>C.</strong></span> <span class='ocrx_word' id='word_1_171' title='bbox 1258 2133 1286 2207; x_wconf 74' lang='lat' dir='ltr'><strong>s.</strong></span> <span class='ocrx_word' id='word_1_172' title='bbox 1310 2132 1436 2191; x_wconf 79' lang='lat' dir='ltr'><strong>tribunos</strong></span> 
     </span>
     <span class='ocr_line' id='line_1_18' title="bbox 106 2236 735 2314; baseline -0.005 -17"><span class='ocrx_word' id='word_1_173' title='bbox 106 2239 241 2310; x_wconf 79' lang='lat' dir='ltr'><strong>militare,</strong></span> <span class='ocrx_word' id='word_1_174' title='bbox 264 2236 391 2314; x_wconf 84' lang='lat' dir='ltr'><strong>aliisque</strong></span> <span class='ocrx_word' id='word_1_175' title='bbox 412 2244 545 2297; x_wconf 76' lang='lat' dir='ltr'><strong>remotae</strong></span> <span class='ocrx_word' id='word_1_176' title='bbox 567 2237 735 2296; x_wconf 84' lang='lat' dir='ltr'><strong>vetustatis.</strong></span> 
     </span>
    </p>
   </div>
   <div class='ocr_carea' id='block_1_4' title="bbox 108 2701 777 2780">
    <p class='ocr_par' dir='ltr' id='par_1_4' title="bbox 108 2701 777 2780">
     <span class='ocr_line' id='line_1_19' title="bbox 108 2701 777 2780; baseline -0.013 -13"><span class='ocrx_word' id='word_1_177' title='bbox 108 2703 187 2767; x_wconf 76' lang='lat'><strong>³00</strong></span> <span class='ocrx_word' id='word_1_178' title='bbox 211 2705 350 2764; x_wconf 85' lang='lat' dir='ltr'><strong>columna</strong></span> <span class='ocrx_word' id='word_1_179' title='bbox 370 2720 433 2778; x_wconf 84' lang='lat' dir='ltr'><strong>rep.</strong></span> <span class='ocrx_word' id='word_1_180' title='bbox 456 2701 558 2761; x_wconf 86' lang='lat' dir='ltr'><strong>Mesae</strong></span> <span class='ocrx_word' id='word_1_181' title='bbox 580 2703 619 2761; x_wconf 87' lang='lat' dir='ltr'><strong>ad</strong></span> <span class='ocrx_word' id='word_1_182' title='bbox 640 2702 777 2780; x_wconf 81' lang='lat' dir='ltr'><strong>Appiam.</strong></span> 
     </span>
    </p>
   </div>
   <div class='ocr_carea' id='block_1_5' title="bbox 267 2827 1284 2984">
    <p class='ocr_par' dir='ltr' id='par_1_5' title="bbox 267 2827 1284 2984">
     <span class='ocr_line' id='line_1_20' title="bbox 642 2827 905 2899; baseline 0.004 -19"><span class='ocrx_word' id='word_1_183' title='bbox 642 2827 671 2881; x_wconf 80' lang='lat' dir='ltr'><strong>in</strong></span> <span class='ocrx_word' id='word_1_184' title='bbox 693 2841 801 2882; x_wconf 80' lang='lat' dir='ltr'><strong>summa</strong></span> <span class='ocrx_word' id='word_1_185' title='bbox 818 2832 905 2899; x_wconf 79' lang='lat' dir='ltr'><strong>parte</strong></span> 
     </span>
     <span class='ocr_line' id='line_1_21' title="bbox 267 2901 1284 2984; baseline -0.004 -22"><span class='ocrx_word' id='word_1_186' title='bbox 267 2909 297 2963; x_wconf 84' lang='lat' dir='ltr'><strong>in</strong></span> <span class='ocrx_word' id='word_1_187' title='bbox 320 2905 408 2963; x_wconf 81' lang='lat' dir='ltr'><strong>latera</strong></span> <span class='ocrx_word' id='word_1_188' title='bbox 705 2925 850 2984; x_wconf 58' lang='lat' dir='ltr'><strong><em>columna,</em></strong></span> <span class='ocrx_word' id='word_1_189' title='bbox 1143 2907 1174 2960; x_wconf 82' lang='lat' dir='ltr'><strong>in</strong></span> <span class='ocrx_word' id='word_1_190' title='bbox 1196 2901 1284 2959; x_wconf 80' lang='lat' dir='ltr'><strong>latere</strong></span> 
     </span>
    </p>
   </div>
   <div class='ocr_carea' id='block_1_6' title="bbox 303 3067 1245 3246">
    <p class='ocr_par' dir='ltr' id='par_1_6' title="bbox 303 3067 1245 3246">
     <span class='ocr_line' id='line_1_22' title="bbox 303 3067 1245 3146; baseline -0.01 0"><span class='ocrx_word' id='word_1_191' title='bbox 303 3084 375 3146; x_wconf 77' lang='lat' dir='ltr'><strong>uin</strong></span> <span class='ocrx_word' id='word_1_192' title='bbox 569 3067 984 3143; x_wconf 59' lang='lat' dir='ltr'><strong>nccuvnlou</strong></span> <span class='ocrx_word' id='word_1_193' title='bbox 1214 3079 1245 3137; x_wconf 89' lang='lat' dir='ltr'>x</span> 
     </span>
     <span class='ocr_line' id='line_1_23' title="bbox 704 3184 847 3246; baseline -0.007 -1"><span class='ocrx_word' id='word_1_194' title='bbox 704 3184 847 3246; x_wconf 77' lang='lat' dir='ltr'><strong>ovam</strong></span> 
     </span>
    </p>
   </div>
   <div class='ocr_carea' id='block_1_7' title="bbox 194 3305 966 3388">
    <p class='ocr_par' dir='ltr' id='par_1_7' title="bbox 194 3305 966 3388">
     <span class='ocr_line' id='line_1_24' title="bbox 194 3305 966 3388; baseline -0.013 -17"><span class='ocrx_word' id='word_1_195' title='bbox 194 3315 228 3371; x_wconf 88' lang='lat' dir='ltr'>A</span> <span class='ocrx_word' id='word_1_196' title='bbox 250 3311 351 3371; x_wconf 82' lang='lat' dir='ltr'><strong>Brizio</strong></span> <span class='ocrx_word' id='word_1_197' title='bbox 374 3309 552 3388; x_wconf 87' lang='lat' dir='ltr'><strong>descriptam</strong></span> <span class='ocrx_word' id='word_1_198' title='bbox 574 3309 657 3368; x_wconf 91' lang='lat' dir='ltr'><strong>misit</strong></span> <span class='ocrx_word' id='word_1_199' title='bbox 677 3306 801 3366; x_wconf 87' lang='lat' dir='ltr'><strong>Henzen</strong></span> <span class='ocrx_word' id='word_1_200' title='bbox 824 3325 850 3365; x_wconf 86' lang='lat' dir='ltr'><strong>a.</strong></span> <span class='ocrx_word' id='word_1_201' title='bbox 876 3305 966 3380; x_wconf 64' lang='grc'>1874,</span> 
     </span>
    </p>
   </div>
   <div class='ocr_carea' id='block_1_8' title="bbox 1101 3405 1356 3464">
    <p class='ocr_par' dir='ltr' id='par_1_8' title="bbox 1101 3405 1356 3464">
     <span class='ocr_line' id='line_1_25' title="bbox 1101 3405 1356 3464; baseline -0.012 -1"><span class='ocrx_word' id='word_1_202' title='bbox 1101 3405 1160 3464; x_wconf 81' lang='lat' dir='ltr'><strong>Tn.</strong></span> <span class='ocrx_word' id='word_1_203' title='bbox 1183 3405 1356 3462; x_wconf 82' lang='lat' dir='ltr'><strong>Monusnu.</strong></span> 
     </span>
    </p>
   </div>
   <div class='ocr_carea' id='block_1_9' title="bbox 0 0 1782 5828">
    <p class='ocr_par' dir='ltr' id='par_1_9' title="bbox 0 0 1782 5828">
     <span class='ocr_line' id='line_1_26' title="bbox 0 0 1782 5828; baseline 0 0"><span class='ocrx_word' id='word_1_204' title='bbox 0 0 1782 5828; x_wconf 95' lang='lat' dir='ltr'><strong> </strong></span> 
     </span>
    </p>
   </div>
  </div>
 </body>
</html>
