3540 5828
334 507 405 578 132
766 526 1073 577 nnnmnnuuuvu
1091 526 1175 576 von.
1195 527 1225 576 11

412 703 441 760 4.
478 701 687 780 Magistratum
709 702 813 780 populi
827 701 955 762 Romani
978 719 1070 796 ppovs
1085 700 1262 780 magistratu
1277 707 1509 760 consentaneum
1524 709 1578 774 est,
1601 703 1663 761 etsi

329 813 451 863 senator
477 823 537 862 non
565 804 619 875 sit,
646 805 777 881 exempli
804 823 895 863 causa
922 804 1060 862 tribunus
1087 804 1213 863 militum
1236 822 1255 862 a
1275 802 1386 882 populo
1408 804 1521 875 lactus,
1547 804 1663 879 pariter

329 915 417 984 atque
445 917 613 966 senatorem
640 907 670 965 in
697 907 889 966 decurionum
916 907 983 964 loco
1010 905 1114 964 sedere
1139 905 1183 981 (7,
1202 904 1286 983 Li).
1330 906 1445 965 Eodem
1467 906 1564 1004 respuo
1590 926 1661 967 eum

328 1013 379 1087 qui
399 1014 461 1068 iure
483 1011 606 1069 dimutto
625 1013 739 1085 praesit
760 1009 809 1086 (7,
830 1005 870 1084 t)
897 1009 948 1085 qui
971 1009 1061 1067 simul
1083 1009 1267 1081 nominatum
1295 1009 1410 1070 scilicet
1431 1007 1547 1067 videtur
1572 1009 1661 1068 intel-

298 1181 307 1192 *
328 1113 388 1188 legi
409 1113 526 1188 legatus
547 1113 727 1170 adsessores
748 1111 950 1187 proconsulis,
974 1112 1027 1188 qui
1048 1130 1115 1170 cum
1138 1108 1279 1170 Caesaris
1300 1120 1433 1189 tempore
1455 1113 1580 1172 necdum
1604 1132 1662 1190 pro

328 1214 508 1293 magistratu
529 1222 611 1273 esset
632 1214 715 1291 (uam
736 1222 843 1289 postea
864 1213 982 1273 demum
1004 1213 1095 1290 legati
1116 1213 1137 1271 ii
1152 1212 1224 1272 facti
1239 1223 1309 1272 sunt
1323 1213 1554 1292 propraetore),
1576 1231 1661 1274 seor-

333 1334 399 1376 sum
421 1316 457 1375 ds
480 1335 515 1375 eo
536 1311 701 1376 cauendum
723 1315 789 1374 fuit.

412 1420 441 1479 5.
477 1419 651 1498 Praefectus,
661 1409 862 1494 subrum'ciuc
882 1423 1065 1495 maganutus
1083 1436 1174 1496 proce
1195 1423 1367 1496 mapistratu
1381 1424 1431 1496 qui
1443 1423 1662 1496 prouinciarum

328 1520 541 1597 Hispaniarum
559 1523 718 1580 ulteriorem
737 1522 868 1582 obtinebit
889 1521 932 1597 (7,
952 1521 985 1597 4)
1006 1523 1078 1581 licet
1097 1522 1229 1599 equestri
1248 1522 1316 1580 loco
1337 1531 1425 1596 esset,
1447 1522 1540 1581 nihilo
1560 1522 1663 1582 minus

330 1623 409 1683 inter
430 1624 607 1683 decuriones
630 1625 656 1684 ei
678 1624 831 1700 spectandi
852 1625 900 1683 ius
921 1624 987 1684 tuit.

187 1724 251 1774 Loci
265 1725 319 1811 dati
411 1725 549 1803 Denique
576 1727 657 1803 quod
679 1727 710 1786 in
731 1726 811 1794 ludis
833 1728 977 1786 scaenicis
999 1727 1122 1786 edendis
1145 1746 1169 1786 c.
1186 1726 1322 1788 CXXVI
1344 1745 1445 1787 eorum
1472 1726 1593 1786 domino
1617 1728 1661 1786 ita

189 1798 314 1923 sufflo„
328 1829 375 1888 ius
398 1829 486 1888 datur
504 1829 638 1888 locorum
661 1829 837 1901 dandorum,
860 1836 894 1886 ut
915 1831 941 1888 si
963 1849 1050 1907 quam
1073 1829 1169 1907 legem
1191 1830 1367 1890 decuriones
1390 1829 1417 1888 ei
1434 1831 1477 1888 rei
1491 1831 1661 1908 posuerint,

194 1947 311 1996 decurio.
327 1932 355 1990 ei
381 1932 645 2009 obtemperandum
673 1932 727 2004 sit,
754 1933 883 2008 pertinet
907 1932 940 1991 id
964 1932 1184 2009 quodammodo
1210 1933 1249 1991 ad
1271 1933 1400 1992 ambitus
1422 1932 1520 2012 leges,
1548 1933 1662 2008 quibus

187 2035 247 2069 ”¹¹¹⁰
268 2021 312 2070 ἅθ’
327 2034 364 2092 de
386 2033 467 2092 hisce
488 2035 564 2094 locis
587 2033 692 2093 dandis
715 2034 872 2112 diligenter
893 2035 1100 2111 cavebatur1),
1121 2053 1302 2112 quamquam
1324 2036 1355 2093 id
1376 2037 1476 2111 ipsum
1492 2035 1578 2096 ludos
1594 2035 1662 2112 qui·
1734 2075 1737 2080 -

217 2102 287 2144 creto
329 2154 455 2213 cumque
476 2137 581 2198 fierent
603 2145 737 2196 senatum
758 2137 801 2196 ita
822 2137 1006 2197 moderatum
1028 2155 1096 2198 esse
1118 2136 1190 2197 alibi
1212 2157 1272 2197 nou
1293 2137 1430 2198 traditur.

190 2765 317 2816 Decurio-
410 2754 600 2814 Decutiouum
622 2755 799 2813 vocabulum
825 2755 854 2812 in
882 2756 948 2832 lege
976 2763 1151 2831 perpetuum
1178 2763 1225 2814 est
1252 2773 1348 2831 neque
1378 2773 1502 2832 usquam
1530 2755 1663 2826 additur,

230 2854 275 2889 ¹¹0⁸
329 2856 409 2932 quod
433 2856 551 2916 additur
573 2867 716 2934 perpetuo
738 2859 769 2916 in
790 2859 857 2936 lege
873 2855 951 2916 iulia
973 2859 1145 2934 municipali
1168 2867 1198 2916 et
1219 2858 1332 2932 passim
1354 2859 1386 2916 in
1401 2857 1516 2916 Flauiis
1533 2856 1663 2934 legibus,

328 2962 523 3034 couscriptiue.
540 2996 577 3004 —
599 2959 731 3019 Decurio
754 2960 888 3019 coloniae
909 2964 1029 3035 quinam
1054 2961 1118 3020 fieri
1139 2969 1243 3038 posset
1264 2959 1312 3019 rel
1333 2979 1393 3019 uon
1415 2967 1519 3038 posset
1540 2961 1570 3018 in
1594 2961 1664 3039 lege

329 3061 526 3139 perscriptum
552 3063 645 3120 fuisse
671 3061 743 3121 inde
768 3063 963 3139 intellegitur,
989 3063 1070 3139 quod
1096 3082 1120 3122 c.
1144 3060 1187 3122 ct
1212 3063 1405 3138 magistratus
1434 3062 1499 3120 eius
1515 3063 1663 3139 'petitoris

327 3164 455 3223 comitiis
476 3164 622 3223 rationem
642 3165 752 3224 habere
774 3174 900 3236 vetatur,
927 3183 1013 3241 quem
1036 3165 1075 3223 ob
1097 3184 1186 3242 quam
1209 3182 1330 3224 oausam
1352 3164 1540 3223 decurionem
1562 3167 1663 3225 nomi·

326 3267 392 3344 nari
414 3285 473 3324 non
495 3266 600 3339 liceat,¹
615 3268 685 3326 item
708 3285 733 3325 c.
750 3265 804 3326 CV
827 3267 877 3343 qui
898 3277 1020 3343 propter
1035 3268 1239 3344 indignitatem
1256 3267 1359 3326 ordine
1375 3275 1474 3326 motus
1489 3275 1546 3338 est,
1568 3269 1662 3328 etiam

326 3369 365 3426 ab
386 3369 550 3428 honoribus
572 3369 708 3446 petendis
730 3379 861 3440 arcetum
888 3376 921 3426 ut
942 3369 1080 3429 similiter
1100 3371 1131 3427 in
1153 3370 1218 3447 lege
1239 3369 1414 3446 municipali
1436 3367 1577 3428 Caesaris
1601 3371 1662 3430 die·

326 3470 467 3547 tatorisl)
489 3473 537 3531 cui
559 3491 595 3531 ea
614 3472 682 3549 lege
704 3473 735 3530 in
756 3471 966 3531 decurionibus
988 3490 1055 3531 esse
1077 3491 1137 3531 non
1159 3472 1257 3544 liceat,
1279 3467 1464 3531 interd-icitur
1485 3474 1523 3533 ab
1542 3473 1661 3532 honore

326 3592 362 3632 co
389 3574 530 3650 petendo,
558 3593 596 3632 ex
623 3591 682 3650 quo
708 3575 739 3632 in
767 3593 834 3632 eum
862 3574 995 3633 ordinem
1023 3575 1223 3650 perveniatur.
1266 3575 1394 3650 Propter
1415 3574 1446 3632 id
1468 3576 1567 3652 ipsum
1592 3595 1660 3634 cum

326 3677 357 3735 in
380 3695 448 3735 aere
470 3678 530 3748 l‚l
556 3676 732 3735 decuriones
755 3694 885 3755 augures
908 3676 1064 3754 pontifices
1086 3677 1173 3736 annis
1189 3676 1217 3732 V
1237 3677 1385 3754 proximis
1408 3684 1566 3753 postquam
1588 3675 1660 3736 facti

328 3779 389 3837 siut
410 3779 591 3837 domicilium
614 3779 643 3836 in
666 3780 768 3837 urbem
792 3778 954 3837 transferre
976 3779 1127 3850 iubentur,
1149 3779 1343 3855 magistratus
1363 3798 1423 3837 non
1438 3779 1660 3852 adscribuntur,

327 3881 443 3940 scilicet
463 3880 640 3940 Hviraliciis
663 3890 693 3939 et
714 3881 858 3940 aediliciis
880 3881 948 3958 ipso
970 3881 1034 3940 iure
1056 3883 1134 3941 inter
1155 3882 1329 3940 decuriones
1357 3882 1489 3940 adscitis.
1535 3879 1596 3943 Sed
1624 3902 1662 3941 ea

195 3996 300 4047 Ordinis
326 4002 396 4061 pars
417 3985 509 4059 legis,
531 4002 592 4061 qua
611 3983 817 4041 continebatur
838 3983 959 4042 decurio
981 3985 1033 4058 qui
1054 3984 1119 4042 fieri
1141 3992 1255 4059 posset,
1282 3984 1321 4040 ad
1342 4001 1397 4044 nos
1420 4003 1479 4042 non
1505 3985 1660 4061 pervenit3

103 4081 105 4088 '
193 4071 306 4120 libertini
326 4086 514 4146 solummodo
547 4085 589 4144 ex'
620 4085 769 4157 clausula,
801 4104 878 4162 quae
911 4085 948 4143 de
980 4086 1157 4163 indignitate
1190 4085 1359 4146 decurionis
1388 4094 1547 4164 propterea
1574 4087 1660 4162 quod

329 4299 532 4308 -...-.—

402 4456 425 4519 ¹)
454 4457 545 4506 Cicero
570 4472 617 4521 pro
636 4457 747 4507 Murena
765 4457 814 4519 ³2,
835 4458 882 4508 672
908 4455 998 4508 dictati
1015 4464 1116 4508 senatu
1134 4457 1271 4508 consultum
1288 4472 1325 4508 mc
1343 4457 1464 4523 referente
1483 4473 1536 4509 esec
1547 4458 1659 4524 suctum,

393 4549 417 4602 ui
438 4545 627 4614 pladiani-itm
651 4548 725 4614 uuiyo
750 4549 820 4599 iocus
844 4548 951 4599 tribunae
974 4556 998 4600 et
1022 4551 1079 4600 item
1096 4548 1213 4616 prandia
1231 4551 1255 4599 ei
1272 4549 1348 4617 uulqo
1367 4557 1448 4600 essent
1466 4549 1541 4611 datu,
1567 4561 1661 4603 contro

325 4641 401 4708 leuem
418 4638 581 4710 Calpurnium
592 4641 692 4706 sactum
709 4641 800 4692 uideri.
833 4642 864 4692 Id
883 4643 977 4692 deinde
996 4649 1101 4692 enarrat
1120 4659 1141 4693 c.
1157 4644 1200 4693 34.
1215 4643 1257 4693 at.
1292 4642 1384 4693 Cicero
1402 4644 1429 4692 iu
1442 4643 1531 4692 Vatin.
1548 4642 1592 4705 15,
1610 4646 1660 4696 37:

324 4751 378 4784 cum
396 4750 450 4783 meu
469 4733 509 4784 tea
528 4732 639 4784 dilucide
657 4740 721 4784 vetet
740 4733 837 4784 biennio
858 4750 905 4802 quo
925 4735 981 4801 quie
994 4741 1068 4802 petat
1081 4735 1238 4801 petiturum
1256 4735 1291 4784 sit
1307 4733 1466 4800 plodiutorea
1484 4733 1618 4787 detentui
1631 4753 1662 4788 eu

324 4833 466 4876 testamento
482 4827 637 4893 praestitum
656 4825 704 4876 die.
985 4821 990 4826 ⁸

400 4937 425 5001 ²)
452 4957 477 4989 v.
498 4939 559 4990 135.
598 4941 684 4991 Etiam
709 4941 773 5005 legis
791 4940 963 4992 Malacitanae
988 4942 1105 4992 c.LlIlI
1129 4943 1306 5007 magistratum
1331 4949 1418 5006 petere
1436 4949 1537 4992 uotamr
1562 4944 1609 5010 qui
1633 4945 1660 4994 ia

325 5047 408 5082 eorum
432 5049 482 5100 qua
501 5048 580 5083 cama
598 5035 659 5094 erit,
680 5040 892 5100 propterquam,
920 5035 945 5083 ei
962 5033 1045 5096 clivis)
1066 5033 1213 5096 Meuanas)
1232 5040 1308 5093 essct,
1333 5035 1478 5084 innumero
1497 5033 1660 5086 decurionum

325 5126 567 5192 contemptoremque
591 5141 643 5175 eum
668 5140 721 5174 esse
744 5141 793 5174 nou
813 5124 910 5190 tumst
936 5143 986 5192 quo
1004 5127 1160 5177 remittimur
1177 5127 1211 5177 ad
1230 5127 1312 5192 ipsam
1330 5126 1414 5192 legem
1433 5128 1528 5177 Iuliam
1548 5129 1659 5178 munici-

326 5217 420 5283 palem.
457 5218 492 5268 V.
513 5233 605 5269 comm.
625 5233 710 5269 mcum
730 5233 756 5282 p.
770 5216 833 5267 417.
