3524 5828
569 545 726 618 Qvnss'r.
743 543 965 595 ouonnron.
985 545 1009 594 1.
1402 524 1448 606 89

114 649 229 656 —--
563 648 634 653 ⁶-—

205 719 399 777 Mnnifestum
426 719 517 795 igitur
539 717 654 778 videtur
676 735 757 788 esse,
787 717 933 802 siquidem
961 719 1140 796 cognomina
1167 719 1230 777 eius
1255 719 1368 780 formae
1390 739 1451 779 om·

114 821 193 880 nino
221 821 252 878 in
282 839 338 880 usu
365 822 498 892 suerunt,
525 820 648 879 nomina
675 819 827 896 gentilicia
849 838 973 896 prorsus
996 821 1159 897 aequaliter
1180 821 1308 880 formata
1330 823 1367 880 ab
1389 824 1450 882 illis

115 924 169 980 vel
191 923 307 1000 origine
330 923 377 982 vel
399 943 455 983 usu
478 923 598 982 diversa
618 921 705 980 saise.
742 924 843 998 Atque
864 923 992 998 primum
1008 923 1064 980 boc
1078 923 1308 993 observandum,
1330 925 1452 984 nomina

115 1027 277 1105 gentilicia
297 1028 328 1084 in
351 1045 423 1086 anus
445 1044 541 1102 paene
563 1024 663 1084 omnia
684 1025 855 1101 antiquiora
876 1043 944 1084 esse
966 1043 1055 1100 quam
1072 1026 1263 1103 cognomina3
1286 1045 1381 1103 neque
1397 1030 1451 1086 mi·

116 1147 179 1186 nus
206 1128 267 1187 illis
294 1129 460 1187 recentiora
486 1128 607 1186 nomina
633 1129 769 1186 inanius
797 1135 875 1186 sunt.
918 1127 1067 1204 Exempla
1088 1128 1166 1186 euim
1188 1147 1263 1204 quae
1286 1131 1450 1208 composui,

116 1239 248 1308 excepta
270 1249 374 1290 eornm
395 1239 479 1306 parte
501 1248 577 1306 quae
599 1231 629 1288 in
651 1233 749 1301 ianus,
777 1248 836 1287 non
859 1230 889 1286 in
911 1248 983 1288 anus
1005 1231 1214 1303 terminantur,
1241 1240 1293 1289 aut
1318 1250 1357 1290 ex
1378 1232 1451 1292 libe-

115 1353 175 1392 rae
200 1335 243 1392 rei
271 1333 408 1410 publicae
434 1333 617 1410 temporibus
643 1332 804 1408 repetenda
831 1331 926 1407 (velut
953 1331 1112 1406 dacianus
1139 1333 1334 1393 Albinouanus
1360 1335 1450 1408 Bola-

114 1455 175 1495 nus
198 1435 365 1509 Mefulanus
386 1434 581 1494 Nomentanus
602 1435 756 1493 Norbanus
780 1433 949 1494 Satricanus
971 1435 1111 1493 Scetanus
1132 1431 1286 1495 *lbitanus
1310 1437 1451 1514 Vorenus)

115 1547 175 1595 aut
202 1547 282 1596 certe
309 1537 429 1596 saeculo
451 1538 548 1614 primo
571 1537 701 1596 alterove
724 1557 784 1595 non
804 1537 970 1596 recentiora
991 1547 1070 1596 sunt.
1117 1537 1224 1613 ltaque
1245 1539 1282 1596 ad
1305 1545 1451 1597 vetustam

115 1641 256 1716 aliquam
282 1641 543 1710 consuetudinem,
571 1659 630 1697 nou
660 1640 697 1698 nd
726 1640 901 1698 recentioris
930 1640 1072 1716 temporis
1101 1641 1302 1700 confusionem
1331 1643 1452 1701 nomina

117 1744 200 1800 haec
225 1742 381 1802 reserenda
407 1751 491 1815 sunt3
518 1743 547 1800 id
574 1743 653 1819 quod
679 1743 766 1800 etiarn
790 1742 948 1801 multitudo
968 1761 1070 1801 eorum
1092 1742 1212 1801 indicat.
1256 1743 1292 1802 ln
1314 1752 1452 1822 promptu

115 1852 170 1904 est
193 1845 353 1922 explicatio
376 1864 421 1916 ea,
443 1855 478 1904 ut
498 1846 634 1904 homines
657 1845 726 1904 illos
742 1865 760 1903 a
774 1847 870 1904 servis
886 1845 1029 1904 oriundos
1045 1857 1193 1920 putemus,
1216 1847 1266 1923 qui
1282 1865 1347 1906 cum
1362 1847 1451 1907 liber·

115 1954 185 2006 tate
212 1948 301 2006 etiam
327 1967 436 2006 nomen
463 1949 649 2023 accepissent
675 1967 693 2005 a
719 1967 750 2006 re
772 1947 893 2023 publica
913 1947 980 2018 illa,
1007 1948 1093 2006 cuius
1121 1949 1191 2006 olim
1214 1949 1291 2006 servi
1312 1950 1451 2008 luissent.

115 2051 226 2126 Atque
246 2069 308 2108 rem
330 2049 481 2127 publicam
503 2068 666 2126 servosque
688 2051 830 2108 habuisse
849 2050 933 2109 locos
948 2050 1017 2109 illos
1032 2069 1143 2121 omnes,
1167 2052 1244 2110 unde
1260 2054 1381 2110 nomina
1394 2053 1453 2112 ista

116 2153 311 2229 proveniunt,
334 2170 504 2228 quanquam
527 2153 726 2211 demonstrari
749 2152 894 2228 nequitia
910 2154 1057 2224 omnibus
1080 2171 1147 2212 cum
1163 2155 1339 2230 praesertim
1355 2155 1451 2230 plera·

116 2274 183 2330 qne
206 2263 257 2313 aut
279 2254 350 2313 olim
372 2255 522 2314 interiisse
545 2265 597 2312 aut
617 2254 706 2332 plane
721 2256 823 2332 ignota
838 2255 986 2314 mansisse
1002 2255 1173 2328 viderimus,
1195 2257 1259 2314 fieri
1275 2258 1372 2333 potuit
1386 2259 1451 2318 sine

117 2357 228 2415 dubio.
262 2356 322 2416 Sed
344 2358 443 2416 obstat
465 2357 598 2434 opinioni
620 2357 664 2415 illi
687 2357 807 2434 duplex,
829 2358 885 2416 uisi
908 2357 1007 2429 fallor,
1029 2358 1208 2416 observatio.
1242 2358 1376 2418 Primum
1399 2363 1451 2437 qui

116 2479 164 2519 ex
178 2461 300 2518 servitio
315 2460 481 2518 libertatem
497 2459 596 2537 adepti
616 2469 695 2531 suut,
718 2460 739 2516 ii
755 2460 834 2518 omni
850 2460 964 2518 ratione
979 2460 1009 2518 id
1025 2459 1142 2518 efficere
1157 2460 1325 2534 voluerunt,
1339 2471 1381 2526 ,ut
1396 2483 1450 2539 pro

117 2562 261 2639 ingenuis
283 2562 463 2620 haberentur
484 2582 559 2621 neve
581 2571 705 2620 externa
726 2564 836 2621 veteris
859 2563 1041 2620 condicionis
1062 2562 1173 2621 iudicia
1193 2565 1363 2623 retinerent.
1404 2567 1452 2625 Ita

117 2665 176 2740 qui
202 2664 464 2724 olimnominibus
482 2664 646 2742 'gentiliciis
668 2674 697 2723 et
716 2665 959 2740 praenominibus
981 2672 1175 2742 patronorum
1200 2666 1241 2724 uti
1264 2668 1348 2726 vetiti
1372 2677 1450 2741 sunt,

120 2767 282 2843 paullatim
305 2785 341 2824 ea
363 2768 463 2825 omnia
485 2768 541 2826 sibi
565 2767 803 2837 vindicaverunt3
831 2767 1009 2844 cognomina
1030 2768 1094 2826 sola
1115 2779 1233 2846 praeter
1257 2777 1450 2845 patronorum

119 2869 337 2927 indicationem
363 2869 481 2928 servilis
507 2869 631 2947 originis
659 2869 784 2942 indicia,
811 2888 870 2928 non
892 2871 1065 2928 testimonis
1085 2882 1203 2929 servata
1225 2880 1302 2929 sunt.
1345 2873 1452 2949 Itaque

118 2971 261 3030 homines
281 2970 327 3028 illi
351 2973 378 3030 si
399 2971 465 3047 ipss
486 2973 703 3048 gentiliciorum
726 2973 823 3030 forma
844 2991 862 3030 a
883 2972 1066 3047 reliquorum
1087 2973 1177 3050 plane
1199 2973 1317 3044 diversa
1338 2976 1380 3033 uti
1400 2985 1453 3035 aut

116 3073 182 3150 ipsi
211 3071 377 3132 voluissent
403 3083 454 3131 aut
479 3074 554 3132 iussi
581 3082 695 3145 esseut,
722 3074 847 3152 originis
876 3094 936 3132 non
962 3075 1074 3133 liberae
1101 3075 1242 3134 indicium
1270 3077 1450 3136 luculentum

119 3175 362 3251 proposuissent.
407 3175 525 3235 Deinde
547 3195 617 3234 vero
640 3175 887 3253 quemadmodum
910 3177 960 3253 qui
983 3187 1079 3236 certas
1102 3179 1139 3236 ob
1161 3196 1268 3236 causas
1291 3182 1449 3239 manumis-

117 3277 218 3337 sionis
246 3296 265 3335 a
291 3297 323 3335 re
349 3279 451 3355 aliqua
478 3279 600 3355 publica
621 3279 715 3337 iactae
738 3280 910 3338 memoriam
932 3297 1053 3338 servare
1074 3287 1126 3338 aut
1147 3280 1306 3340 voluerunt
1327 3290 1379 3339 aut
1401 3283 1450 3342 de·

116 3381 251 3439 buerunt
280 3380 401 3438 nomina
426 3381 578 3456 gentilicia
606 3381 798 3440 formaverint
826 3382 965 3457 exempla
992 3383 1138 3441 nonnulla
1165 3383 1278 3442 docent.
1322 3384 1359 3443 ln
1386 3385 1451 3442 uni-

115 3499 241 3540 versum
264 3483 316 3558 qui
338 3483 448 3559 publici
471 3483 599 3542 alicuius
622 3484 700 3542 servi
722 3484 840 3543 fuerant
861 3484 986 3543 Publicii
1007 3485 1078 3544 dicti
1101 3495 1171 3544 sunt
1192 3495 1261 3563 post
1285 3487 1449 3546 libertatem

113 3585 273 3661 adeptam,
296 3585 457 3654 ut,docent
478 3586 618 3661 exempla
639 3586 726 3663 haec:

207 3688 260 3747 Cn.
274 3687 422 3746 Rcblicius
437 3688 606 3758 Menander,
630 3688 776 3747 libertinus
798 3689 889 3760 loma,
912 3709 992 3765 quera
1014 3690 1093 3766 apud
1112 3694 1234 3750 iuniores
1257 3691 1341 3769 leqati
1359 3699 1452 3753 nostri

291 3793 321 3846 in
347 3788 496 3848 Graeciam
520 3793 728 3868 proficiscentes
754 3795 931 3867 interpretem
957 3811 1049 3850 secum
1075 3792 1177 3851 lubere
1202 3795 1350 3853 coluerunt
1376 3805 1450 3856 teste

290 3889 434 3950 Cicerone
458 3892 531 3968 (pro
554 3893 650 3951 Balbo
674 3895 725 3964 ll,
746 3893 814 3969 28),
841 3894 892 3969 qui
920 3895 956 3952 de
983 3914 1018 3951 eo
1044 3895 1081 3952 ad
1103 3896 1247 3972 populum
1267 3896 1359 3956 latum
1383 3917 1450 3958 esse

292 3993 388 4064 addit,
415 4004 446 4052 ut
467 3999 492 4053 is
516 3994 678 4066 Publicius,
703 4000 729 4054 si
750 3999 861 4054 domurn
881 4001 1032 4055 revenisset
1052 4007 1078 4055 et
1097 4000 1163 4055 inde
1184 3999 1301 4057 Romam
1321 4003 1450 4068 redisset,

290 4115 325 4153 nc
346 4101 438 4156 minus
461 4101 531 4156 ciuis
553 4107 631 4155 essct.

200 4199 242 4258 A.
275 4197 424 4257 Publicius
454 4199 628 4270 Germanus,
658 4202 790 4260 sacerdos
819 4201 953 4280 familiae
978 4201 1109 4278 publicae
1137 4204 1298 4262 colonorum
1325 4206 1451 4265 coloniae

292 4301 435 4360 Patriciae
458 4312 614 4378 perpetuus
637 4301 795 4362 Cordubae
822 4301 855 4363 Ο.
878 4303 902 4361 Ι.
919 4303 955 4362 L.
977 4305 1008 4362 II
1029 4303 1118 4364 2229.
1161 4305 1237 4364 Vide
1264 4326 1355 4383 supra
1380 4309 1448 4368 Ger-

291 4422 391 4462 manus
413 4404 443 4461 iu
465 4403 562 4462 indice
584 4406 802 4482 cognominum.

196 4506 249 4564 M.
267 4504 415 4563 Publicius
437 4505 563 4565 coloniae
585 4507 699 4566 liberius
715 4507 901 4568 Pbilodamus
918 4509 1044 4568 Venafri
1059 4510 1083 4568 l.
1099 4510 1137 4569 N.
1154 4512 1234 4570 4703
1258 4511 1310 4587 (=
1327 4513 1449 4574 Henzen

291 4606 396 4681 6398).

198 4713 234 4772 C.
269 4708 417 4768 Publicius
447 4716 618 4788 municipum
648 4713 915 4796 Mediolanieasium
948 4715 1091 4792 l(ibertas)
1123 4716 1286 4776 Alexander
1316 4720 1348 4778 in
1376 4738 1448 4797 agro

290 4809 470 4870 Novariensi
494 4811 526 4872 C.
545 4814 570 4871 l.
588 4814 623 4871 L.
640 4816 669 4873 V
685 4815 766 4874 6630
789 4816 841 4892 (·-=
860 4816 954 4876 Orell.
971 4818 1076 4893 4905).

192 4915 238 4976 L.
267 4913 415 4972 Publicius
435 4914 579 4990 Eutyches
607 4922 755 4994 municipii
779 4919 927 4977 Taruisini
949 4921 1063 4979 libertus
1086 4921 1217 4980 Tarvisii
1240 4920 1320 4982 c.1.
1344 4925 1378 4983 L.
1399 4926 1448 4984 lll

290 5015 371 5074 2109
394 5016 447 5092 (=
465 5015 551 5076 Grut.
566 5018 616 5091 83,
635 5021 696 5096 13).

196 5124 238 5195 Q.
270 5117 422 5178 Publicius
453 5120 709 5198 Tarentinarum)
739 5123 856 5182 libertus
886 5124 968 5184 Felix
994 5126 1140 5202 Tergeste
1169 5124 1203 5186 C.
1231 5127 1255 5186 Ι.
1278 5127 1313 5186 L.
1338 5128 1365 5186 V
1389 5129 1448 5190 628
1552 5101 1557 5110 ¹

289 5221 343 5298 (ε.-
360 5219 485 5281 Henzen
500 5221 606 5299 6397).
628 5263 631 5270 -
