3524 5828
590 527 700 578 rasus
725 528 807 578 run.
837 527 962 579 curru.
1250 521 1256 545 ¹
1373 505 1441 574 101

103 703 193 764 dolis
218 710 250 760 et
270 701 413 760 formulae
436 701 607 780 diligentia,
635 711 668 759 nt
691 701 833 759 idatium
856 717 933 758 saxo
954 699 1133 759 incideretur
1154 704 1352 776 imperatorem
1377 697 1448 757 Gue-

106 826 208 866 sarem
232 810 263 863 ia
284 813 374 863 moute
388 805 494 878 fuisse,
517 805 673 880 aequalem
690 807 791 862 'eorum
807 811 974 878 temporum
991 815 1151 874 auctorem,
1172 803 1202 861 ni
1217 803 1315 874 fallor,
1338 802 1446 879 prodit.

110 909 199 971 Sane
229 909 298 984 ipsa
323 907 498 985 fragmenti,
532 907 569 965 de
595 925 655 983 quo
682 906 814 983 agimus,
841 907 989 982 scriptura
1014 905 1146 964 rationes
1173 923 1256 963 meas
1284 904 1448 964 coufirmat.

110 1013 175 1071 Est
197 1011 275 1069 enim
299 1010 352 1068 illa
373 1010 560 1087 superiorum
583 1028 677 1086 aeque
699 1028 734 1068 ac
755 1009 954 1084 posteriorum
977 1009 1181 1067 columnarum
1204 1007 1370 1078 dissimilis,
1395 1008 1448 1066 nri·

111 1116 229 1188 nutior,
255 1113 386 1184 densior,
408 1131 445 1171 ne
468 1113 639 1174 ubericrum
660 1131 761 1183 rerum
783 1112 887 1186 copiae
907 1111 1036 1186 spatium
1057 1111 1181 1169 deesset.
1226 1107 1364 1168 Ceterum
1386 1119 1450 1168 tota

110 1219 226 1276 horum
249 1218 485 1294 fragmentorum
513 1215 766 1292 palaeographiea
790 1214 867 1272 ratio
893 1213 1009 1290 aliquid
1035 1214 1172 1290 perplexi
1198 1213 1301 1285 habet,
1331 1212 1368 1270 de
1389 1230 1449 1288 quo

111 1319 237 1378 nonnisi
258 1317 423 1396 propositis
444 1317 552 1376 formis
574 1316 612 1376 ad
632 1303 797 1394 'archetypa
820 1317 973 1392 expressis
995 1315 1102 1374 disseri
1123 1322 1230 1392 potest.
1272 1313 1333 1374 Sed
1354 1315 1447 1374 tutius

113 1430 165 1481 est
186 1421 262 1479 hane
285 1420 491 1498 quaestionem
513 1419 632 1477 differre
658 1421 689 1477 iu
716 1429 850 1496 tempus,
880 1419 960 1494 quod
987 1436 1076 1495 spero
1104 1418 1189 1476 brevi
1215 1417 1354 1493 felicique
1381 1437 1447 1475 eum

112 1542 258 1584 successu
278 1531 452 1594 venturum,
478 1540 543 1580 cum
571 1541 670 1580 aream
692 1522 759 1580 Iovi
787 1521 886 1580 latiari
915 1520 986 1579 olim
1017 1538 1132 1579 sacram
1158 1520 1294 1578 ordinata
1314 1519 1448 1578 fossione

112 1627 354 1703 explorabimus.

179 1781 182 1786 .
200 1728 250 1788 Ad
264 1747 352 1804 quem
368 1745 465 1803 usque
480 1747 592 1786 annum
613 1727 645 1785 hi
659 1726 728 1785 fasti
748 1727 809 1785 sint
823 1707 997 1796 continuati,
1019 1725 1103 1784 nullo
1125 1742 1250 1802 possum
1273 1733 1448 1802 argumento

114 1823 250 1891 definire.
289 1828 490 1892 Suffecturum
510 1829 669 1888 consulum
684 1821 796 1888 aetatis
816 1829 957 1900 incertae,
978 1829 1030 1903 qui
1052 1827 1187 1903 inscripti
1209 1837 1279 1885 sunt
1299 1827 1448 1906 fragmen-

113 1937 158 1994 tis
174 1953 193 1993 a
207 1934 336 1992 Marinio
352 1933 451 2004 editis,
470 1932 607 1991 handum
622 1932 715 2012 ullam
729 1940 872 2007 quantum
895 1931 956 1988 seio
979 1929 1115 1988 notitiam
1138 1931 1218 1988 nacti
1233 1948 1344 1988 sumus
1367 1930 1449 2006 (vida

114 2036 154 2096 Ο.
170 2037 194 2094 Ι.
209 2034 244 2093 L.
259 2033 300 2109 II,
317 2033 422 2111 9314).
456 2034 564 2094 Ferias
586 2035 695 2092 latinas
726 2042 854 2093 exeunte
876 2033 996 2092 saeculo
1020 2033 1107 2091 tertio
1130 2033 1178 2090 vel
1200 2033 1321 2091 ineunte
1343 2043 1448 2108 quarto

114 2138 261 2198 celebrari
290 2136 369 2196 haud
395 2137 524 2197 desiisse
552 2145 680 2196 testatur
705 2138 788 2196 basis
815 2144 931 2195 statuae
959 2135 1003 2193 M.
1019 2134 1091 2194 Aur.
1116 2105 1278 2194 Victori¹Cl
1301 2134 1333 2193 V.
1353 2137 1447 2210 prees.

105 2241 317 2318 satientatis.
341 2241 482 2298 sacerdoti
503 2242 550 2298 dai
571 2238 649 2298 Solis
672 2239 886 2315 relipiosiast'mo
909 2257 927 2296 a
947 2239 1048 2296 levino
1067 2229 1232 2296 Callidiouo
1256 2237 1448 2314 condiscipulo

115 2343 271 2402 dedicatae
292 2341 403 2418 (Orelli
426 2343 537 2419 3154);
560 2343 644 2400 cuius
667 2342 772 2400 titulus
794 2351 824 2400 et
846 2342 916 2400 stilo
941 2349 971 2400 et
993 2341 1160 2417 scripturae
1181 2357 1288 2418 genere
1311 2349 1449 2410 aetatem,

114 2465 209 2524 quarn
223 2445 296 2516 dini,
317 2464 384 2503 mec
409 2445 519 2504 iudicio
541 2464 613 2521 prae
636 2463 668 2502 se
689 2445 757 2503 fert.
791 2444 907 2503 Harum
928 2444 1069 2503 feriarum
1092 2443 1259 2502 institutum
1281 2443 1370 2500 tertio
1385 2463 1449 2502 ver-

114 2557 200 2608 tente
221 2547 340 2606 saeculo
361 2548 494 2624 viguisse
520 2548 592 2606 item
618 2548 697 2622 lapis
724 2547 811 2606 docet
839 2555 920 2605 certa
940 2546 1083 2623 temporis
1107 2555 1178 2602 nota
1199 2545 1340 2622 insignis,
1371 2563 1449 2603 anuo

116 2651 179 2710 275
205 2651 250 2708 rel
271 2650 330 2708 276
354 2669 372 2708 a
394 2650 585 2708 cucmdotihus
611 2651 784 2710 Gelensibus
804 2654 948 2727 seriorum
970 2651 1125 2706 latinorum
1146 2650 1247 2705 montis
1270 2647 1369 2705 alboni
1389 2647 1449 2706 Ta-

116 2754 179 2812 cito
203 2754 345 2830 Augusto
374 2752 527 2810 dedicatus
556 2751 650 2828 (Bull.
675 2753 741 2810 dell’
765 2753 816 2810 let.
842 2751 921 2810 1870
943 2769 972 2826 p.
992 2751 1073 2827 136).
1117 2752 1199 2808 Inter
1225 2749 1393 2826 fragmenta
1418 2751 1449 2810 in

116 2857 184 2916 eius
207 2856 291 2915 aedis
312 2856 407 2914 ruinis
434 2863 553 2930 reperta
576 2855 735 2914 frustulum
759 2854 819 2913 ridi
841 2853 948 2912 litteris
971 2853 1099 2912 saeculis
1121 2853 1218 2929 quarti
1240 2853 1379 2911 exeuntis
1402 2854 1450 2912 vel

115 2959 216 3035 quinti
237 2965 403 3018 exaratum.
440 2955 607 3017 Christiani
628 2959 790 3033 scriptores
813 2957 901 3016 ludos
925 2958 1056 3015 urbanos
1078 2955 1160 3014 lovis
1183 2954 1298 3012 latiaris
1321 2955 1448 3014 ethnicis

116 3080 210 3139 saepe
233 3061 466 3137 exprobrarunt:
489 3079 558 3119 nam
581 3062 650 3120 dum
671 3061 782 3119 latinae
804 3061 834 3118 in
856 3067 956 3118 monte
979 3058 1088 3117 albano
1111 3059 1285 3135 agebantur,
1308 3057 1369 3116 ludi
1387 3058 1446 3116 Ro·

115 3184 185 3224 rnae
207 3164 332 3234 fiebant,
359 3170 388 3221 et
409 3163 477 3221 luso
501 3182 519 3221 a
540 3163 757 3242 gladiatoribus
779 3163 925 3241 sanguine
947 3163 1028 3232 Iuris
1051 3161 1242 3219 simulacrum
1268 3177 1447 3238 consperge·

9 3277 12 3334 f
114 3267 206 3326 hatur
234 3263 883 3342 (8118111111,ΗαιιᾱῠιιοΙιΙνΛΙῖ).
934 3263 1034 3338 Quare
1062 3262 1256 3321 Prudentius:
1283 3259 1449 3320 ‘Funditur

9 3345 12 3374 ἒ
114 3371 266 3428 humanus
288 3367 387 3426 latiari
408 3368 438 3426 iu
460 3388 580 3426 munere
603 3363 737 3444 sanguis’
760 3368 880 3440 (contra
898 3364 1049 3443 Symml,
1072 3365 1160 3441 396):
1190 3383 1249 3441 quo
1270 3366 1337 3423 loeo
1360 3375 1450 3442 poeta

114 3471 154 3530 de
169 3471 374 3530 Romanorum
399 3472 492 3529 saeris
514 3471 647 3547 loquitur
668 3479 736 3528 aute
752 3469 915 3528 Theodosii
938 3470 974 3527 de
989 3469 1123 3545 Eugenio
1140 3477 1266 3545 tyranno
1282 3467 1447 3526 victoriam.

113 3573 337 3634 Nicomachum
362 3591 452 3649 porro
475 3572 653 3631 Flavianum
676 3573 869 3650 Eugenianae
894 3572 1033 3630 factionis
1056 3572 1160 3628 ducem
1182 3589 1208 3628 a.
1226 3571 1286 3629 394
1314 3571 1448 3628 ethnicas

115 3675 318 3736 caerimonias
332 3673 447 3734 Romae
469 3676 654 3734 instaurasse
668 3677 861 3734 notissimum
876 3684 936 3732 est:
960 3679 1086 3749 eumque
1102 3675 1135 3730 do
1149 3673 1216 3730 Iove
1233 3673 1302 3731 lotio
1318 3692 1450 3748 sperasse

112 3779 241 3859 saturem
266 3797 361 3855 nuper
388 3779 500 3836 editum
521 3799 537 3836 e
559 3778 693 3855 parisino
716 3778 817 3836 codiee
840 3795 958 3834 carmen
985 3783 1111 3834 testatur
1140 3775 1272 3850 (Hermas
1294 3773 1349 3848 IV,
1372 3773 1447 3846 358;

15 3921 17 3928 ‹
114 3881 202 3941 Ball.
229 3879 256 3938 d'
274 3881 352 3940 orel.
376 3884 451 3938 erist.
478 3879 556 3938 1868
580 3901 608 3957 p.
626 3880 679 3952 63;
706 3878 813 3950 Riese,
841 3879 957 3936 Anthol.
981 3878 1031 3936 lot.
1054 3878 1070 3935 Ι
1090 3897 1120 3953 p.
1140 3875 1200 3951 17).
1247 3874 1331 3949 Quae
1357 3876 1450 3934 verba

72 4011 73 4020 .
112 4003 187 4044 eum
209 3983 367 4042 Prudentii
388 4001 478 4042 versu
505 3982 615 4040 collata
641 3989 671 4039 et
697 3982 827 4040 maxime
849 3981 1026 4039 Nicomachi
1053 3999 1126 4056 erga
1152 3988 1282 4038 veterum
1313 3979 1450 4037 instituta

111 4097 145 4146 et
175 4103 263 4144 sacra
289 4086 396 4169 ardens
425 4085 600 4161 superstitio
632 4084 780 4160 probabili
807 4083 916 4142 indicio
944 4091 1015 4140 sunt
1041 4081 1325 4140 illum'consularcs
1350 4081 1448 4139 fasces

111 4207 199 4248 anno
235 4183 298 4248 394Ὶ
326 4206 442 4250 summa
475 4207 540 4246 curn
579 4194 727 4262 potestate
760 4187 873 4246 Romae
906 4193 1053 4243 tenentem
1086 4184 1205 4242 nonnisi
1242 4184 1371 4258 peractis
1403 4203 1449 4241 re-

109 4292 249 4369 ligiosae
270 4289 346 4366 legis
368 4291 554 4367 praescripto
575 4288 677 4347 latinis
700 4298 803 4347 contra
825 4287 1031 4346 Theodosium
1054 4305 1136 4344 arma
1162 4287 1303 4344 movisse.
1324 4271 1331 4288 ⁸
1349 4284 1449 4359 Quare

108 4417 139 4455 a.
169 4393 233 4452 394
260 4393 500 4467 antiquissimum
529 4393 640 4451 festum
667 4392 744 4450 diem
770 4392 966 4449 instauratum
994 4389 1158 4465 eodemque
1185 4407 1263 4446 annu
1285 4389 1449 4446 Theodosii

107 4494 347 4570 triumphatoris
368 4495 434 4571 lege
455 4495 485 4553 in
502 4507 677 4572 perpetuum
694 4493 837 4552 abolitum
853 4493 1055 4571 templumque
1069 4493 1150 4550 lovis
1166 4491 1280 4549 latiaris
1296 4491 1450 4549 occlusum

107 4597 285 4660 verisimile
307 4596 414 4656 iudico.
519 4583 522 4594 ’

1087 4763 1111 4820 I.
1134 4761 1170 4820 Β.
1193 4777 1235 4819 uu
1257 4760 1366 4820 Rossr.
