3554 5828
421 508 768 562 connnurnrrorms
785 510 1065 562 arrsunrnrcen
1084 511 1187 564 uuas.
1401 492 1473 564 193

702 613 856 622 *-

590 700 869 762 BRVTTIORVM
890 703 1018 764 AGER.
1043 743 1045 748 .

626 821 987 884 MAMERTINORVM.

136 1009 197 1069 95.
240 1007 391 1070 Nummus
418 1027 529 1069 aenens
551 1008 798 1070 Mamertinorum
825 1011 1013 1070 collectionis
1050 1013 1168 1071 Pennisi
1189 1013 1281 1072 babet
1302 1020 1391 1088 caput
1411 1012 1475 1070 lun-

136 1123 256 1176 reatum
282 1111 458 1191 Appollinia
487 1121 517 1170 et
543 1112 673 1190 effigiem
699 1112 845 1172 Bellonae
867 1112 1056 1174 dextrorsum
1079 1115 1268 1193 procedentis
1299 1135 1366 1174 cunr
1388 1116 1477 1174 basta

138 1233 176 1275 ac
199 1226 283 1274 scuto
305 1215 395 1275 titulo
418 1213 546 1274 Graecis
569 1214 678 1274 litteris
702 1215 942 1294 circumscripto:
1395 1231 1397 1236 ·

662 1351 956 1444 aaaepprnora

140 1511 231 1569 quem
261 1491 414 1568 praecedit
438 1490 537 1550 littera
563 1489 673 1578 maior¹
687 1494 721 1548 Υ.
769 1488 894 1549 Nummi
926 1491 1055 1568 effigiem
1083 1491 1262 1552 delineatam
1294 1491 1367 1552 mibi
1395 1471 1479 1552 misit

139 1597 181 1653 A.
205 1592 336 1666 Salinas,
357 1602 421 1652 tum
441 1593 505 1670 ipse
526 1593 690 1671 publicavit
711 1590 774 1668 (Lu
789 1592 942 1652 collezioue
956 1598 1085 1672 numiam.
1108 1594 1236 1666 Penniei,
1257 1606 1277 1654 t.
1290 1595 1348 1664 IX,
1369 1614 1398 1653 a.
1408 1594 1474 1672 22).

139 1697 182 1755 Et
207 1697 289 1774 typis
315 1706 345 1780 et
371 1697 472 1755 littera
499 1699 522 1750 Υ
549 1694 650 1752 differt
674 1694 722 1752 hic
749 1713 888 1755 nummus
919 1696 957 1754 ab
984 1696 1053 1767 illo,
1085 1714 1175 1773 quem
1205 1695 1230 1754 Ι.
1259 1695 1476 1756 Friedlaender

139 1799 306 1878 publicarit
332 1816 399 1857 cum
431 1797 528 1876 capite
557 1796 689 1869 Dianae,
717 1797 858 1874 omphalo
893 1798 941 1856 vel
967 1800 1096 1868 cortina,
1129 1798 1216 1856 titulo
1251 1797 1475 1876 circumscripto

139 1922 339 1984 μαμερτινουμ,
369 1900 471 1958 littera
495 1905 520 1955 Α
546 1899 717 1976 subscripta
741 1881 783 1957 in¹
800 1909 953 1977 segmento
987 1900 1074 1976 (Ort.
1096 1900 1195 1959 Maior.
1224 1900 1312 1973 VIII,
1343 1901 1474 1960 Mamert.

137 2024 172 2081 p.
189 2004 228 2062 60
250 2002 320 2080 sp).
364 1999 441 2062 Cum
463 2003 493 2060 in
517 2020 638 2059 nummo
660 2001 780 2061 Penelei
801 2011 945 2080 appareat
966 2002 1110 2062 Bellonae
1133 2003 1286 2061 simillima
1307 2003 1421 2080 effigies
1444 2013 1476 2062 ut
1522 1999 1523 2004 ’

137 2107 172 2164 in
195 2105 325 2164 nummis
347 2105 527 2180 quibusdam
549 2103 746 2174 Bruttiorum,
767 2122 844 2180 quos
866 2105 891 2164 I.
915 2105 1129 2164 Friedlaeuder
1149 2105 1221 2164 mibi
1243 2105 1423 2164 monstravit
1443 2105 1474 2164 in

140 2207 263 2268 scriniis
275 2206 460 2265 collectionis
475 2223 663 2266 nummorum
678 2205 881 2266 Berolinensis
897 2216 1081 2280 asservatos,
1102 2217 1333 2267 consentaneum
1350 2207 1475 2279 videtur,

137 2309 225 2370 illius
262 2309 408 2386 originem
440 2317 574 2386 repetere
605 2309 801 2369 aMamertio
824 2309 935 2386 oppido
970 2311 1003 2368 in
1029 2309 1155 2369 Bruttiis
1188 2309 1317 2383 condito,
1354 2330 1415 2368 non
1437 2311 1475 2369 ad

137 2399 316 2474 Messanam
339 2432 358 2470 a
379 2410 566 2470 Mamertinis
589 2420 705 2488 captam
727 2412 848 2471 referre.
903 2409 1044 2471 Ceterum
1067 2410 1200 2472 Genitivi
1227 2411 1353 2488 pluralis
1379 2410 1477 2470 forma

136 2535 331 2597 μαμερτινουμ
362 2514 452 2572 etiam
484 2513 516 2571 in
549 2512 670 2572 duabua
701 2513 811 2591 tegnlis
834 2513 1074 2574 Messinensibus
1101 2515 1211 2592 legitur
1233 2515 1380 2591 (Mamas.
1408 2514 1473 2574 Uat.

135 2617 226 2676 Dal.
245 2635 279 2692 p.
295 2615 364 2682 199,
385 2615 481 2693 ΚΛ).

310 3202 531 3265 LVCANIAE
553 3203 635 3263 VEL
656 3203 939 3264 BRVTTIORVM
965 3203 1081 3264 LOCA
1102 3203 1299 3266 INCERTA.

136 3393 201 3454 96·
246 3389 370 3452 Titulus
396 3393 500 3468 galeae
528 3403 638 3468 aeneae
665 3393 776 3451 fissura
808 3393 845 3450 ab
872 3392 974 3468 aliqua
998 3401 1084 3470 parte
1111 3392 1302 3467 dehiscentis,
1340 3393 1412 3452 olim
1442 3393 1489 3478 in

183 3495 359 3556 collectione
385 3494 513 3571 quadam
541 3514 638 3553 rerum
671 3495 861 3571 antiquarum
889 3494 1026 3572 Magnae,
1050 3492 1186 3566 Graecia,
1208 3495 1328 3554 vendita
1354 3515 1373 3553 a
1400 3496 1474 3555 duce

187 3598 267 3657 della
299 3597 436 3671 Vardurc,
458 3598 590 3658 nuncin
611 3615 714 3656 museo
736 3597 965 3656 Panormitano:

454 3732 1142 3810 ‚T303933T33833183ql'

597 3865 704 3958 Τρεβις
726 3874 761 3938 Σ.
785 3875 894 3940 {erras
917 3869 1008 3937 δεδετ.

547 3995 677 4056 Trebius
700 3992 785 4055 Sexti
805 3996 825 4054 f.
850 3993 972 4058 Sextius
994 3997 1084 4057 dedit.
1177 4079 1178 4084 ἵ

228 4169 316 4230 Duae
331 4178 525 4229 asserrantur
546 4169 649 4246 galeae
671 4190 781 4230 aeneae
801 4173 834 4230 in
855 4191 958 4233 museo
973 4173 1189 4232 Panormitano
1201 4172 1335 4232 eiusdem
1350 4172 1474 4244 formae,

142 4273 242 4332 altera
262 4274 372 4332 fissura
399 4272 556 4332 dehiscens
583 4292 650 4336 cnm
678 4274 764 4334 titulo
787 4292 879 4352 supra
901 4278 1002 4353 posita
1024 4275 1152 4336 Graecis
1179 4275 1287 4334 litteris
1311 4275 1473 4334 subtilibus

141 4375 321 4436 acutissimo
343 4375 468 4452 graphio
500 4375 531 4433 in
568 4393 618 4434 aes
654 4377 767 4448 incisis,
802 4377 897 4436 altera
924 4379 1040 4456 integra
1061 4398 1127 4437 cum
1155 4377 1257 4437 eadem
1280 4378 1474 4457 inscriptions

140 4479 312 4537 litterarum
333 4477 437 4536 formis
459 4477 636 4548 simillimis,
663 4480 715 4537 sed
737 4481 891 4556 scriptoris
917 4482 1068 4539 erroribus
1091 4481 1270 4558 quibusdam
1294 4481 1473 4558 suspiciosa.

142 4579 234 4640 Hanc
255 4579 379 4638 alterum
412 4599 465 4660 ex¹
483 4591 588 4656 ectypo
611 4580 705 4639 edidit
731 4591 762 4640 et
782 4582 996 4658 interpretatus
1019 4591 1065 4640 est
1087 4585 1201 4659 primus
1229 4583 1375 4655 Fabretti,
1401 4584 1476 4642 Reul

146 4683 260 4740 Accad.
285 4683 315 4739 cli
340 4682 446 4740 Toriao
468 4682 621 4740 Adunanz.
645 4683 673 4740 d.
699 4683 741 4742 CI.
765 4685 793 4742 d.
808 4697 854 4742 lac.
877 4705 947 4744 mor.
970 4695 1038 4744 stur.
1055 4686 1099 4762 fit.
1123 4685 1164 4744 29
1185 4705 1278 4762 mnpp.
1301 4685 1387 4755 1864,
1412 4693 1475 4746 tum

142 4799 205 4862 ego
226 4783 350 4842 tractavi
373 4793 479 4861 ectypo
501 4784 555 4841 illo
577 4784 685 4858 fretus,
712 4804 778 4844 cum
801 4787 958 4846 verborum
980 4788 1094 4848 formae
1116 4789 1196 4847 tituli
1223 4788 1300 4848 nibil
1320 4787 1475 4858 haberent,

143 4885 230 4964 quod
264 4905 283 4943 a
314 4885 434 4962 linguae
464 4885 560 4946 Oscae
595 4889 812 4948 consuetudine
840 4899 871 4947 et
902 4891 1016 4948 ratione
1049 4891 1231 4962 abhorreret,
1263 4891 1298 4948 Z.
1325 4892 1353 4966 s.
1386 4890 1474 4966 oerpl.

40 5031 43 5036 .
90 5025 110 5076 g,
137 4987 217 5066 ¹Spr.
245 4987 339 5059 XIII,
372 4989 435 5047 250
457 5008 500 5065 aq.
543 4988 620 5048 Post
647 4991 800 5067 utriusque
836 4992 941 5069 galeae
974 4993 1092 5051 titulum
1120 4992 1180 5052 vidi
1211 5002 1241 5050 et
1268 4993 1417 5051 delineari
1444 4993 1475 5050 in

142 5106 254 5150 museo
276 5089 506 5164 Panormitano,
534 5101 563 5148 et
591 5111 638 5152 me
659 5102 784 5170 rogante
806 5091 988 5154 &Salinas
1016 5104 1123 5172 ectypa
1144 5095 1371 5173 inscriptionum
1394 5095 1477 5154 misit

23 5182 48 5212 ”
145 5199 233 5252 carta
256 5192 380 5252 humida
407 5201 438 5253 et
464 5205 572 5254 stanno
599 5213 753 5271 expressa.
798 5194 875 5255 Tum
901 5197 966 5275 ipse
996 5197 1041 5256 vir
1068 5197 1257 5285 doctissimus
1288 5217 1349 5258 non
1376 5197 1475 5256 solnm
