3540 5828
431 516 773 569 COMMENTATIONES
792 516 1070 567 EPIGRAPHICAE
1090 517 1193 572 Tuas.
1306 535 1311 553 ⁴
1408 497 1477 568 157

148 690 231 751 Osca
251 691 455 750 existimanda
476 691 530 761 sit,
558 710 619 749 non
648 699 746 768 potest
773 707 840 748 esse
867 690 1070 748 nominativus
1097 690 1257 768 singularis
1286 691 1414 749 nominis
1443 691 1481 748 ad

150 789 275 874 ΣαλαῘς
296 794 461 868 pertinens,
483 793 564 868 quod
586 793 733 851 eiusmodi
755 792 930 852 nominativi
954 792 1029 868 sing.
1046 811 1138 851 masc.
1154 794 1185 851 in
1207 813 1224 850 e
1245 793 1378 850 vocalem
1401 792 1480 850 desi·

147 905 254 956 nentes
281 916 300 954 a
324 897 429 973 lingua
451 895 533 955 Osca
560 895 649 972 plane
677 895 777 954 aliena
803 903 881 953 suat.
925 895 1030 971 ltaque
1057 894 1130 953 illud
1152 890 1230 973 foas
1254 920 1291 944 =
1315 895 1379 954 cale
1404 895 1481 954 nihil

151 999 232 1057 aliud
252 1010 300 1057 est
321 998 380 1056 nisi
403 995 485 1056 Osca
505 997 602 1054 forma
624 998 807 1073 imperativi,
834 1015 911 1072 quae
938 997 1102 1073 respondet
1122 996 1250 1054 Latinae
1272 996 1346 1055 calc.
1390 995 1479 1055 Hanc

149 1102 229 1159 enim
251 1083 362 1158 notum·
377 1113 423 1159 est
443 1100 474 1157 in
498 1099 641 1158 clausulis
664 1099 818 1157 titulorum
841 1099 1051 1176 sepulcralium
1067 1097 1247 1158 Latinorum
1269 1117 1364 1175 aeque
1386 1099 1479 1157 usita-

151 1211 213 1261 tam
235 1221 301 1262 esse
323 1212 413 1278 atque
435 1213 487 1260 cca
508 1211 538 1260 et
560 1203 639 1260 calca
660 1210 690 1260 et
711 1199 895 1260 Graecorum
918 1203 1013 1284 χαῖρε.
1048 1199 1130 1277 Ergo
1152 1201 1317 1260 enuntiatio
1339 1199 1477 1260 Lucana:

147 1300 272 1385 ΣαλαῘς
288 1301 368 1384 fcta
386 1329 423 1370 ,z
442 1303 559 1364 Salvius
583 1302 697 1380 (Salvi)
720 1304 797 1375 calc,
826 1303 1002 1363 acclamatio
1024 1303 1158 1362 eiusdem
1179 1305 1299 1380 generis
1321 1310 1367 1361 est
1388 1313 1421 1361 ut
1443 1303 1479 1361 ti-

146 1407 201 1465 tuli
231 1407 415 1483 sepulcrales
444 1401 646 1484 'antiquissimi
667 1405 783 1478 Latini,
815 1404 847 1464 C.
865 1407 890 1462 I.
911 1404 981 1463 Lat.
997 1405 1023 1479 l,
1046 1407 1102 1464 98.-
1123 1405 1156 1463 P.
1183 1405 1273 1464 Cordi
1293 1417 1383 1465 mater
1403 1405 1477 1476 cale,

147 1517 189 1582 et,
213 1509 232 1567 l.
248 1529 272 1568 c.
287 1510 315 1582 I,
331 1509 387 1568 94.-
407 1509 542 1568 Ecclesia
568 1509 663 1568 Cestio
685 1509 704 1568 ἱ.
727 1509 806 1566 cclcc
827 1509 900 1566 calc.
983 1555 987 1562 .

230 1612 266 1669 ln
287 1611 392 1688 lingua
414 1610 496 1670 Osca
521 1611 738 1670 nominativum
761 1606 885 1689 §causa
912 1627 1002 1668 sensu
1024 1609 1152 1669 vocativi
1182 1610 1292 1668 dictum
1318 1627 1386 1670 esse
1415 1627 1476 1668 non
1566 1665 1567 1668 ,

145 1714 254 1772 mirum
276 1723 333 1784 est,
356 1714 497 1790 quoniam
519 1713 608 1772 etiam
623 1711 724 1771 Latini
747 1712 932 1770 nominativo
950 1711 1100 1770 secundae
1122 1712 1331 1771 declinationis
1353 1732 1408 1789 pro
1425 1730 1477 1769 vo-

145 1816 245 1874 cativo
267 1825 401 1886 utuntur,
424 1825 457 1873 ut
478 1795 587 1874 Livius
606 1815 633 1886 I,
655 1815 710 1874 24.-
730 1814 810 1872 Audi
832 1822 865 1872 tu
882 1813 1009 1892 popalus
1024 1814 1166 1886 Albanus,
1188 1815 1362 1891 Propertius
1386 1815 1430 1888 ΙΙ,
1445 1815 1475 1886 6,

146 1917 203 1976 19.·
241 1917 289 1976 Tu
313 1918 445 1976 criminis
468 1927 580 1988 auctor,
602 1917 736 1976 Nutritca
752 1918 838 1989 duro,
860 1915 998 1988 Romule,
1020 1918 1098 1975 lacte
1119 1917 1218 1994 lupae,
1242 1915 1380 1990 Ovidius,
1401 1916 1475 1976 Her.

147 2021 195 2092 14,
213 2024 247 2078 7.-
274 2018 372 2097 Surge
394 2038 449 2098 age
472 2019 576 2079 Belide
599 2020 635 2077 de
658 2027 703 2078 tot
724 2019 813 2078 modo
835 2018 976 2078 fratribus
998 2038 1087 2090 uoce,
1109 2027 1138 2077 et
1160 2022 1229 2078 deus
1251 2028 1298 2078 est
1318 2019 1475 2079 vocativus

146 2131 180 2180 ut
202 2122 281 2200 apud
303 2121 441 2182 Graecos
463 2113 536 2184 θείς
559 2130 589 2182 et
610 2114 693 2198 φίλος
715 2121 856 2198 (Κῠὴηεν,
879 2122 965 2196 Acus.
982 2120 1081 2180 Grcm.
1102 2123 1130 2179 d.
1147 2120 1259 2181 (tricet.
1273 2120 1342 2198 Spr.
1358 2121 1386 2194 l,
1408 2119 1474 2194 312,

145 2224 405 2300 mmmmm
583 2209 584 2212 ‘

228 2325 375 2403 Linguam
398 2325 509 2386 Oscam
532 2345 592 2386 non
614 2347 716 2386 carere
738 2347 773 2387 ea
794 2327 954 2387 verborum
975 2327 1193 2404 coniugatione,
1216 2345 1305 2404 quam
1327 2343 1474 2404 gramma·

143 2427 196 2486 tici
216 2428 317 2487 Latini
339 2431 499 2488 secundam
527 2439 693 2505 posuerunt
718 2431 815 2489 vocali
838 2435 853 2490 ὁ
876 2432 967 2508 longa
988 2431 1111 2507 stirpem
1135 2429 1292 2487 verborum
1318 2428 1475 2487 claudente

142 2531 307 2607 insignem,
335 2533 424 2590 certis
454 2534 638 2608 argumentis
665 2533 868 2591 demonstravi
896 2532 1035 2608 (Auaapr.
1051 2532 1096 2603 ΙῙ,
1117 2531 1180 2590 732
1199 2551 1253 2608 aq,
1276 2532 1318 2589 cd.
1338 2530 1380 2606 2).
1424 2531 1474 2589 Ad

141 2633 227 2690 illam
254 2653 350 2692 meam
378 2635 666 2713 argumentationem
699 2655 777 2694 nunc
804 2635 887 2694 velut
911 2635 1047 2694 cumulus
1081 2634 1194 2692 accedit
1221 2631 1320 2692 Oscus
1346 2632 1472 2710 impera·

140 2735 223 2793 tivus
241 2731 320 2814 fate
338 2762 373 2786 =
390 2737 457 2794 calc
478 2756 545 2795 cum
560 2735 671 2795 Latino
687 2737 836 2796 secundae
853 2737 1073 2816 coniugationis
1095 2737 1160 2794 calc
1181 2736 1271 2813 plane
1293 2752 1472 2812 congruens.

226 2837 335 2914 ltaque
362 2839 480 2897 titulum
509 2839 709 2914 sepulcralem
732 2839 915 2898 Dianensem
942 2840 1176 2917 demonstratum
1199 2838 1316 2896 videtur
1338 2837 1415 2897 hunc
1438 2837 1470 2895 iu

136 2939 266 2998 modum
287 2941 483 3018 supplendum
506 2951 535 3000 et
555 2940 674 3001 Latinis
697 2925 796 3000 verbis
818 2942 1017 3002 enarrandum
1039 2958 1122 3000 esse:

637 3133 673 3187 Α.
696 3133 820 3189 Δαπονις
840 3125 969 3208 Ilceafmc

528 3235 616 3292 Omca
637 3235 690 3288 neto
714 3229 808 3305 cccc(c)
827 3253 876 3294 ‚auc
900 3224 1022 3308 (δεδετ).
1046 3264 1083 3274 -

693 3329 816 3412 ΣαλαῘς
832 3327 919 3411 fols.

539 3502 637 3560 Aulus
657 3500 844 3578 Lamponius
863 3500 962 3578 Paqui
984 3501 1065 3560 filius

481 3603 600 3682 Oppius
623 3604 705 3682 pium
728 3621 846 3664 sacrum
867 3605 924 3664 hoc
947 3603 1066 3681 (dedit).
1089 3636 1127 3646 -

626 3704 747 3767 Salvius
770 3704 884 3784 (Salvi)
907 3707 984 3766 vale.

224 3893 325 3971 Supra
346 3893 467 3970 planum
487 3894 556 3965 feci,
579 3895 655 3952 hanc
677 3895 902 3971 inscriptionem
923 3894 1093 3952 consentire
1114 3913 1180 3952 cum
1203 3893 1290 3952 titulo
1312 3892 1468 3950 Mamerti-

135 4016 247 4057 norum
269 3996 449 4062 Messinensi
469 3994 594 4056 Graecis
615 3997 723 4055 litteris
746 4005 891 4074 concepto
914 4006 943 4056 et
965 4014 1021 4055 usu
1043 3997 1211 4055 litterarum
1236 4020 1251 4067 η
1274 4003 1303 4053 et
1325 4019 1345 4052 ω
1369 3995 1468 4054 minus

136 4107 274 4159 correcto
305 4107 334 4158 et
364 4099 488 4176 syllabis
519 4097 658 4158 finalibus
691 4099 942 4158 nominativorum
976 4100 1051 4177 sing.
1068 4121 1125 4160 -ιες
1146 4108 1176 4156 et
1191 4120 1243 4165 -ις,
1266 4097 1467 4174 genitivorum

137 4205 215 4281 sing.
251 4224 325 4271 -ηις,
362 4203 598 4260 accusativorum
636 4201 712 4280 sing.
736 4225 766 4258 -c
790 4202 862 4278 (·cc)
896 4221 951 4278 pro
984 4221 1055 4259 -cua,
1114 4199 1209 4274 Quem
1245 4200 1362 4259 titulum
1399 4195 1467 4257 cum

136 4307 306 4364 Mommsen
329 4322 388 4362 non
409 4304 503 4362 multo
525 4313 594 4379 post
607 4305 786 4380 Agathoclis
810 4315 933 4363 mortem
956 4314 1089 4381 tempore
1103 4303 1213 4378 Pyrrhi
1228 4303 1307 4378 regis
1322 4302 1466 4378 scriptum
1511 4327 1513 4332 ·

136 4426 207 4466 esse
222 4407 375 4465 existimet
395 4406 479 4477 (Uot.
493 4407 575 4464 Dial.
592 4426 624 4483 p.
638 4406 702 4478 196,
721 4407 750 4466 C.
766 4407 800 4464 Z.
813 4410 840 4483 s.
857 4407 946 4482 verql.
963 4405 1032 4482 Spr.
1045 4405 1168 4475 XVIII,
1187 4425 1219 4480 p.
1235 4403 1294 4462 257
1308 4405 1377 4479 a'q.),
1398 4423 1466 4462 mec

134 4513 203 4569 iure
226 4519 356 4568 statuere
378 4509 450 4567 mihi
465 4509 578 4580 videor,
601 4509 706 4567 eadem
726 4519 823 4568 aetate
844 4509 935 4568 etiam
956 4509 1074 4568 titulum
1094 4507 1295 4584 sepulcralem
1309 4505 1465 4565 Lucanum

134 4614 173 4672 de
196 4629 257 4688 quc
280 4610 381 4690 egila
403 4611 532 4688 lapidem
554 4611 680 4670 incisum
703 4628 795 4693 esse-
894 4669 897 4674 .
