3540 5828
350 509 398 578 90
939 521 1088 581 unauna

436 701 468 762 C.
495 701 645 761 Publicius
673 703 881 762 Viruniensium
909 703 1026 762 libertas
1052 704 1199 763 Asiaticus
1225 704 1333 764 Viruai
1362 703 1397 764 C.
1419 706 1446 764 l.
1467 705 1503 764 L.
1528 706 1576 764 ΙΙΙ
1597 707 1679 766 4870

514 804 566 881 (=
584 804 679 864 Orell.
696 805 802 880 3017).

434 909 468 978 Q.
491 906 642 966 Publicius
663 907 786 984 Lucifer
807 906 928 967 Celeiae
951 906 986 967 C.
1002 908 1028 967 l.
1042 908 1078 968 L.
1094 909 1141 968 111
1157 907 1249 968 5264.

387 1012 488 1087 Atque
514 1010 592 1069 inter
614 1011 768 1070 Publicios
795 1011 905 1086 ubique
932 1011 1007 1069 satis
1034 1011 1205 1088 frequentes
1227 1014 1338 1072 similia
1358 1019 1516 1091 praeterea
1536 1015 1681 1091 exempla

386 1114 580 1190 reperientur.

346 1213 475 1275 Senatus
498 1215 650 1274 Tiburtini
671 1215 780 1288 liberti,
802 1224 835 1274 ut
855 1216 1003 1288 videntur,
1022 1215 1093 1274 dicti
1116 1226 1187 1276 sunt
1208 1217 1333 1278 Senatii:
1425 1263 1426 1266 ,

429 1317 565 1377 Sanctius
587 1319 710 1395 Nepbon
731 1329 757 1378 ct
778 1319 898 1378 Sanctia
920 1321 1017 1378 Floro
1036 1319 1150 1378 Tibure
1172 1319 1297 1379 Henzen
1312 1319 1402 1380 6402.

343 1422 550 1480 Accensorum
573 1421 739 1480 relatorum
762 1422 886 1481 libertus
908 1422 1050 1482 Velutius:

427 1523 459 1582 T.
490 1523 617 1584 Velatius
646 1543 827 1584 accensorum
854 1527 1009 1584 celatorum
1040 1527 1156 1584 libertus
1187 1525 1363 1601 Ganymedes
1395 1525 1510 1585 Romae
1541 1525 1567 1585 F
1569 1527 1679 1586 abretti

512 1627 571 1685 433
589 1626 643 1685 IV.

344 1729 476 1788 Fabrum
499 1731 736 1788 centonariorum
759 1730 913 1790 Fabricius
937 1730 1105 1789 Centenius:

428 1833 578 1892 Fabricius
607 1834 756 1892 Centenius
785 1833 966 1910 collegiorum
992 1834 1109 1892 libertus
1136 1841 1166 1892 et
1192 1833 1332 1892 Fabricio
1362 1832 1499 1893 Centenio
1530 1836 1679 1894 Arethusa

509 1955 581 1994 uror
603 1935 726 1993 Brixiae
749 1933 783 1995 C.
800 1936 824 1993 l.
841 1935 877 1992 L.
893 1934 921 1992 V
937 1933 1028 1995 4422.

343 2039 494 2098 Interdum
522 2038 612 2097 etiam
639 2037 707 2115 ipsa
727 2039 769 2096 rei
792 2038 930 2114 publicae
952 2038 1073 2096 nomina
1094 2039 1331 2114 usurpabantur,
1357 2039 1412 2098 sed
1434 2040 1529 2100 libere
1550 2049 1677 2100 mutata.

343 2142 390 2201 Ita
412 2141 505 2200 Palae
527 2151 645 2224 reperte
668 2149 729 2200 est:

426 2244 570 2303 Pollentia
592 2244 734 2328 Processu
756 2245 882 2302 colanias
903 2242 1034 2302 Palensr's
1056 2241 1157 2302 liberta
1178 2241 1214 2302 C.
1230 2244 1255 2302 Ι.
1271 2243 1307 2303 L.
1324 2244 1352 2302 V
1368 2246 1417 2304 83.

343 2348 443 2408 Veiis:

433 2451 574 2510 Veientius
590 2451 747 2508 Ianuarius
764 2448 877 2508 libertus
899 2449 1035 2507 arborius
1051 2447 1179 2524 (ordinis
1192 2446 1376 2524 Veientium)
1393 2450 1529 2510 Fabretti
1541 2451 1614 2525 434,
1630 2454 1677 2511 14.

341 2553 460 2612 Deinde
490 2553 668 2630 cognomina
696 2553 890 2629 oppidorum,
924 2551 1006 2610 velut
1034 2548 1209 2624 Claudium,
1241 2552 1415 2612 libertorum
1445 2555 1568 2612 nomina
1596 2555 1679 2614 facta

342 2664 420 2728 sunt,
445 2665 490 2714 ut:

428 2759 471 2816 Ti.
497 2757 637 2817 Claudius
658 2760 806 2833 municipii
830 2757 955 2816 Celeiaui
977 2757 1093 2815 libertus
1113 2757 1214 2815 Fauor
1236 2755 1354 2816 Celeiae
1377 2756 1411 2816 C.
1428 2759 1450 2817 Ι.
1467 2757 1502 2817 Ι..
1518 2759 1566 2818 Ill
1582 2759 1676 2819 5227.

428 2861 552 2921 Claudia
574 2860 681 2919 Suavis
704 2861 864 2919 colonorum
888 2859 988 2918 liberto
1010 2860 1171 2938 Luguduni
1194 2859 1426 2920 Hennenses.

424 2962 461 3022 Ρ.
490 2963 627 3023 Cbzudius
656 2967 740 3020 tuum
770 2961 937 3022 Galliarum
964 2961 1080 3020 libertus
1108 2963 1289 3022 Abascantus
1319 2962 1408 3039 (item
1432 2964 1473 3021 ab
1500 2962 1674 3042 Luguduno

508 3066 622 3140 dictus)
644 3065 768 3124 Henzen
785 3064 875 3124 6393.

343 3169 385 3228 Hi
411 3169 503 3247 igitur
529 3187 632 3227 omnes
658 3169 871 3227 adiectivorum
893 3186 912 3225 a
932 3167 1008 3226 locis
1031 3166 1232 3226 derivatorum
1254 3168 1365 3226 formas
1386 3175 1546 3228 consuetas
1568 3170 1601 3228 in
1623 3189 1676 3230 uo·

342 3271 489 3342 minibus,
520 3289 598 3347 quae
625 3272 712 3330 liberi
739 3272 811 3330 iacti
837 3289 941 3348 gerere
967 3269 1138 3342 voluerunt,
1168 3270 1301 3329 studiose
1329 3271 1505 3330 vitaverunt
1550 3271 1677 3332 Dixerit

341 3383 440 3434 autem
462 3374 570 3450 aliquis
593 3375 714 3433 nomina
734 3374 787 3431 illa
808 3373 918 3443 omnia,
940 3390 1017 3448 quae
1038 3373 1127 3430 modo
1148 3371 1306 3450 adscripsi,
1327 3393 1381 3450 per
1403 3359 1611 3449 exceptionem
1632 3377 1676 3433 ita

340 3477 468 3535 formata
489 3495 565 3550 esse,
587 3475 695 3534 iustum
710 3493 780 3534 vero
803 3475 1047 3534 consuetudinem
1064 3476 1208 3552 exempla
1229 3476 1382 3560 nominum
1404 3477 1435 3534 in
1456 3495 1530 3535 anus
1552 3496 1571 3535 a
1585 3478 1674 3536 nobis

341 3579 508 3657 composita
528 3579 680 3655 praebere.
715 3577 773 3638 Sed
793 3579 851 3636 tria
865 3578 1045 3655 protulimus
1060 3578 1200 3652 exempla
1214 3578 1243 3635 in
1259 3578 1355 3636 indice
1371 3580 1467 3651 tertio,
1489 3597 1567 3656 quae
1582 3600 1674 3657 quem

341 3683 378 3741 ad
395 3682 513 3740 modum
529 3681 628 3740 liberti
644 3681 769 3739 Aeclani
785 3679 905 3755 Capuae
920 3679 1050 3738 Venafri
1066 3680 1244 3757 oppidorum
1267 3680 1338 3738 dicti
1361 3691 1431 3739 sunt
1452 3681 1673 3742 demonstrant:

340 3786 477 3843 nimirum
501 3784 656 3843 Arctantur
680 3783 854 3859 Campaniae
873 3783 1074 3858 i'eaasranius,
1096 3800 1155 3839 non
1175 3783 1320 3841 Accianus
1343 3781 1508 3858 Campanus
1526 3783 1674 3862 Venafra-

339 3907 402 3958 aus,
425 3887 563 3946 videlicet
584 3893 616 3944 ut
630 3888 696 3964 ipsa
710 3891 754 3944 ius
770 3885 974 3944 terminatione
990 3884 1208 3962 gentiliciorum
1224 3886 1360 3943 sollemni
1375 3885 1501 3944 liberam
1517 3887 1673 3946 hominurn

339 3990 458 4047 illorum
485 3989 685 4048 condicionem
713 3989 822 4046 diserte
849 3987 988 4046 indicent.
1033 3989 1134 4063 Atque
1157 4007 1223 4045 eam
1244 4006 1278 4045 re
1299 4007 1371 4047 vere
1390 3987 1483 4046 luisse
1505 3990 1536 4048 in
1559 3990 1673 4048 talibus

339 4093 509 4150 hominibus
539 4091 725 4150 nominandis
752 4090 998 4150 consuetudinem
1022 4089 1137 4149 videtur
1163 4085 1252 4147 etiam
1276 4092 1404 4167 probare
1419 4091 1564 4150 Varronis
1588 4094 1673 4151 testi-

339 4195 471 4252 monium
499 4212 595 4270 neque
617 4195 654 4252 ab
677 4193 842 4252 editoribus
864 4211 919 4252 nec
941 4213 959 4251 a
981 4191 1061 4251 Guil.
1085 4192 1143 4251 Ad.
1167 4191 1328 4250 Beckero
1357 4191 1406 4267 (iu
1429 4192 1592 4252 enchiridio
1616 4213 1672 4253 suo

339 4295 547 4372 antiquitatum
563 4297 765 4355 Romanarum
780 4296 812 4354 ll
831 4298 844 4353 l
862 4315 890 4372 p.
904 4296 943 4354 80
959 4295 1027 4353 adn.
1043 4293 1115 4370 183)
1137 4293 1265 4353 feliciter
1286 4301 1459 4366 tractatum
1481 4295 1564 4355 caius
1587 4297 1672 4356 testi·

340 4398 431 4484 monii
453 4399 628 4473 particulam
651 4417 743 4477 supra
764 4399 823 4456 iam
845 4399 876 4456 in
898 4415 985 4456 usum
1007 4398 1188 4456 vocavimus.

422 4499 575 4577 Exposuit
592 4502 670 4560 enim
682 4501 779 4559 Varro
802 4501 857 4559 sub
879 4500 967 4558 finem
990 4499 1058 4558 libri
1080 4499 1116 4558 de
1137 4499 1241 4575 lingua
1256 4498 1367 4558 Latina
1381 4487 1479 4559 octavi
1501 4499 1545 4575 (8,
1563 4502 1602 4560 41
1614 4504 1672 4578 ss.)

339 4607 369 4661 in
390 4604 556 4676 nominibus,
580 4623 652 4680 quoe
673 4605 806 4678 differunt
827 4623 846 4660 a
867 4602 1022 4672 uocabulis,
1045 4603 1075 4660 id
1098 4610 1144 4660 est
1165 4601 1195 4659 iu
1215 4602 1384 4661 nominibus
1403 4603 1535 4679 propriis
1551 4623 1673 4663 eorum·

339 4723 397 4781 que
420 4707 572 4778 derivatis,
595 4725 653 4764 non
677 4715 826 4765 servatam
849 4723 917 4763 esse
930 4705 1110 4781 analogiam.
1144 4702 1237 4763 Cuius
1254 4704 1296 4762 rei
1312 4697 1426 4780 alibuot
1440 4705 1555 4782 profert
1569 4725 1672 4766 exem·

339 4808 404 4884 pla,
432 4826 509 4884 quae
530 4809 601 4866 olim
623 4810 762 4879 tractavi,
785 4809 834 4866 hic
856 4827 926 4866 vero
949 4807 1062 4864 omitt.
1107 4805 1224 4864 Deinde
1247 4807 1321 4865 haec
1343 4816 1483 4866 secuntur
1504 4809 1671 4867 secundum

338 4909 444 4969 librum
467 4910 675 4970 Florentinum
697 4911 745 4969 hie
767 4929 786 4968 a
807 4931 854 4970 me
876 4910 1042 4987 perscripta
1063 4917 1093 4968 et
1114 4911 1144 4967 in
1167 4909 1271 4984 paucis
1294 4918 1421 4968 mutatas

492 5016 563 5082 Item
586 5033 658 5090 quac
681 5016 778 5073 dicunt
800 5014 835 5071 ab
858 5013 959 5070 Rhodo
974 5013 1075 5070 Andro
1092 5012 1192 5089 Cyzico
1214 5012 1345 5070 Rhodius
1360 5011 1491 5071 Andrias
1508 5013 1673 5088 Cyzicenus,

492 5118 621 5175 similiter
638 5115 767 5192 Cyzicius
790 5117 847 5175 dict
862 5097 1015 5189 ¹deberst1)
1039 5118 1108 5173 ciuis
1123 5117 1325 5190 uuusquisque.
1358 5113 1436 5173 Nara
1449 5113 1565 5191 quadi)
1581 5117 1672 5175 Aruc-

492 5238 579 5278 nacus
601 5220 706 5279 dicitur
727 5221 823 5280 rbctor
844 5221 954 5277 nornine
976 5219 1028 5275 atsi
1047 5235 1104 5274 nan
1125 5219 1164 5276 sit
1178 5215 1368 5288 Atheniensis,
1392 5221 1422 5275 in
1443 5218 1495 5280 boa
1516 5222 1582 5294 ipso
1599 5239 1671 5278 aaa·
