3466 5820
339 518 411 589 272
894 535 1097 588 raduanus

913 638 1059 646 ,.-.———·——

339 715 484 772 mercatui
517 710 667 770 destinata
699 718 764 769 erat
796 719 886 787 atque
918 711 1035 788 lapides
1069 719 1139 768 ante
1166 729 1232 769 eam
1259 709 1387 786 dispersi
1419 710 1680 785 fundamentisque

338 833 433 889 parva
455 832 582 890 quorum
603 815 732 890 vestigia
760 813 809 872 hic
835 813 898 872 illie
920 814 1063 890 distingui
1085 822 1214 888 possunt
1235 820 1319 871 erant
1341 813 1532 890 tabernarum
1555 814 1587 871 ia
1613 813 1681 890 qui-

337 917 394 976 bus
415 917 601 993 negotiantes
630 933 743 974 meroes
770 916 892 973 venales
919 916 1102 993 emptoribus
1124 915 1332 992 proponebant
1353 915 1508 992 pretioque
1532 914 1682 973 frumenti

339 1027 368 1076 et
391 1020 563 1078 animalium
587 1026 753 1094 emptorum
775 1018 966 1076 venditorum
988 1018 1194 1076 solvebantur:
1217 1026 1250 1075 ut
1271 1017 1394 1076 decurio
1416 1015 1537 1093 quidam
1553 1018 1680 1075 Marsae

339 1121 372 1177 ob
394 1121 526 1180 bonorem
540 1124 711 1196 fluminales
734 1123 868 1179 tabernas
891 1124 1100 1197 quinquaqinta
1122 1139 1183 1178 cum
1202 1119 1361 1196 porticibus
1383 1119 1546 1194 duplicibus
1567 1123 1598 1177 in
1614 1124 1678 1196 qui·

341 1223 394 1281 bus
415 1234 554 1282 aureatus
577 1223 748 1300 apererurl)
771 1223 948 1280 aedificarit
1013 1227 1014 1230 ’

420 1326 499 1384 Post
525 1335 667 1402 quattuor
693 1326 784 1383 boras
811 1333 841 1384 et
869 1326 1056 1402 praescripta
1083 1345 1221 1403 magnam
1254 1334 1367 1401 partem
1395 1341 1597 1400 versuumque
1629 1342 1675 1382 se·

338 1429 490 1504 quentium
512 1428 676 1506 particulas
698 1427 812 1502 aliquot
833 1428 963 1506 legeram
986 1435 1016 1485 et
1038 1447 1104 1486 cum
1121 1427 1465 1503 Guariniano-exemplo
1485 1427 1673 1485 contuleram

337 1549 442 1590 versus
464 1541 644 1609 postremos,
666 1531 718 1605 qni
740 1548 807 1588 eum
829 1539 909 1588 terra
930 1531 1000 1588 teeti
1024 1531 1084 1588 sint
1104 1543 1165 1596 tam
1186 1531 1262 1589 bene
1284 1531 1451 1589 conservati
1472 1539 1542 1587 sunt
1564 1536 1598 1586 ut
1621 1546 1674 1586 eos

338 1632 402 1690 beri
423 1633 535 1691 incisos
557 1651 626 1692 esse
647 1633 774 1691 dixeris:
798 1643 860 1690 tum
876 1633 1016 1691 continuo
1038 1632 1142 1690 labore
1164 1632 1299 1709 solisque
1320 1631 1475 1690 meridiani
1497 1630 1593 1689 radiis
1615 1631 1673 1689 ses-

338 1752 390 1794 sus
419 1734 522 1793 destiti
550 1742 580 1793 et
609 1744 716 1811 ectypo
745 1734 824 1793 lacto
853 1734 954 1793 ruinas
982 1734 1224 1793 circumiacentes
1243 1754 1425 1812 percurrere
1446 1734 1541 1810 coepi.
1594 1732 1673 1791 Ecce

339 1836 416 1895 alius
433 1838 506 1895 mihi
522 1837 645 1896 offertur
667 1838 746 1914 lapis
767 1838 898 1913 siquem
921 1837 1010 1896 modo
1032 1838 1213 1914 reliqueram
1236 1837 1407 1896 simillimus
1429 1835 1483 1895 sed
1497 1836 1598 1893 minus
1612 1835 1673 1894 alte

337 1958 375 1997 ex
403 1949 484 1999 terra
509 1941 697 2016 prominens:
732 1949 795 1998 erat
822 1940 903 1998 aliud
923 1941 1064 1998 ‘eiusdem
1095 1941 1172 1998 tituli
1200 1941 1380 2017 exemplum.
1422 1937 1536 1997 Versus
1564 1956 1672 1996 norem

336 2043 454 2117 priores
476 2044 507 2100 in
530 2061 566 2100 eo
589 2042 679 2100 etiam
701 2043 798 2118 magis
820 2050 1014 2114 evanuerunt,
1037 2061 1102 2100 curn
1119 2043 1160 2100 ibi
1178 2042 1289 2124 lapidis
1313 2040 1485 2119 superficies
1507 2041 1672 2098 maximam

335 2154 452 2222 partem
470 2145 590 2203 omnino
603 2163 696 2202 exesa
707 2145 755 2217 sit,
773 2144 826 2204 sed
841 2147 873 2203 in
888 2145 1005 2220 reliqua
1021 2144 1216 2220 inscriptione
1233 2154 1297 2203 tota
1312 2164 1349 2202 ne
1365 2163 1424 2202 una
1434 2143 1553 2219 quidem
1569 2142 1669 2200 littera

335 2247 485 2306 invenitur
500 2246 537 2305 de
552 2248 638 2306 euius
654 2247 782 2306 lectione
798 2247 928 2306 dubitari
942 2247 1049 2324 possit.
1084 2245 1120 2305 In
1135 2246 1229 2304 altero
1244 2246 1302 2305 boc
1316 2245 1416 2322 lapide
1431 2244 1603 2304 effodiendo
1619 2245 1671 2304 ab·

335 2348 443 2408 luendo
465 2349 623 2427 purgando
645 2349 840 2408 describendo
863 2349 991 2425 denique
1013 2349 1102 2408 buius
1125 2367 1244 2425 quoque
1264 2357 1371 2425 ectypo
1386 2346 1524 2406 faciendo
1542 2347 1604 2405 diei
1619 2347 1671 2404 bo-

335 2470 387 2509 rae
408 2469 487 2528 quaa
510 2461 688 2529 supererant
708 2459 903 2527 consumptae
925 2460 1004 2522 sunt,
1026 2470 1123 2527 neque
1145 2451 1242 2510 denuo
1265 2451 1301 2510 ad
1324 2451 1495 2526 exemplum
1512 2447 1672 2510 Guarinia·

335 2573 405 2612 num
426 2557 537 2614 reverti
559 2563 714 2632 potueram
734 2555 843 2626 locum,
865 2554 916 2612 ubi
932 2563 1047 2612 noctem
1064 2573 1193 2631 agerem,
1216 2572 1358 2630 quaerere
1374 2562 1502 2612 coactus.
1538 2553 1671 2630 Repperi

335 2674 403 2714 eum
424 2655 455 2714 in
477 2659 606 2716 tentorio
629 2657 825 2734 spurcissimo
846 2656 993 2715 collocato
1014 2658 1070 2715 sub
1092 2657 1172 2733 pinis
1193 2657 1357 2715 humilibus
1380 2656 1476 2715 saltus
1491 2655 1670 2732 Beguensis,

335 2759 386 2833 qui
408 2759 496 2818 bodie
511 2758 648 2837 Changct
662 2759 780 2818 Msabel
802 2759 918 2829 dicitur,
940 2758 1017 2836 apud
1040 2760 1123 2833 ipsos
1146 2757 1254 2835 opinor
1267 2759 1515 2817 Musulamiorum
1537 2766 1669 2816 veterum

333 2869 481 2938 posteros.
525 2862 606 2920 Nam
638 2862 709 2919 mibi
741 2862 861 2938 quidem
895 2871 1013 2919 constat
1040 2870 1158 2936 gentem
1186 2861 1273 2918 hodie
1299 2859 1378 2918 Uled
1401 2859 1515 2919 Omran
1549 2859 1669 2930 dietam,

337 2981 414 3039 quae
440 2964 594 3040 planitiem
620 2964 703 3023 illam
731 2964 886 3040 saltusque
912 2963 1030 3033 incolit,
1059 2982 1125 3021 cum
1152 2963 1227 3022 faeie
1256 2973 1377 3039 totoque
1405 2962 1541 3038 corporis
1564 2962 1670 3020 babitu

335 3082 517 3142 magnopere
532 3065 651 3125 differat
664 3067 701 3124 sb
716 3065 854 3143 gentibus
869 3065 977 3124 circum
993 3065 1207 3138 babitantibus,
1223 3064 1453 3142 haudquaquam
1464 3064 1586 3123 Arabes
1603 3081 1670 3123 esse

334 3185 455 3244 genere:
488 3168 721 3244 inimicitiasque
743 3167 814 3226 illae
842 3175 871 3226 et
899 3167 1058 3225 latrocinia
1086 3167 1196 3243 quibus
1222 3175 1291 3242 post
1317 3167 1471 3225 hominum
1493 3167 1670 3225 memoriam

333 3267 422 3346 longe
443 3269 563 3345 lateque
584 3272 722 3346 regiones
746 3269 887 3327 finitimas
908 3268 1052 3328 infestant
1073 3269 1174 3328 neseio
1200 3287 1238 3326 an
1261 3287 1299 3328 ex
1320 3269 1426 3346 primis
1449 3269 1568 3346 imperii
1590 3268 1669 3325 Ara-

322 3370 393 3428 bici
415 3372 598 3449 temporibus
624 3372 761 3450 ipsisque
789 3381 921 3429 veterum
948 3370 1112 3428 incolarum
1135 3379 1239 3430 contra
1266 3389 1362 3429 novos
1386 3371 1523 3430 dominos
1546 3369 1670 3427 dimica·

333 3473 465 3532 tionibus
489 3474 634 3549 originem
657 3475 774 3533 ducant.
829 3473 975 3532 Fortasse
1002 3474 1092 3550 igitur
1114 3481 1229 3532 montes
1252 3490 1310 3530 non
1333 3473 1455 3531 nomina
1476 3479 1595 3531 tantum
1619 3491 1669 3532 au·

273 3591 275 3596 ’
334 3573 469 3650 tiqual),
491 3575 653 3635 sedetiam
677 3577 814 3636 homines
837 3585 1003 3635 servarunt.
1041 3650 1043 3660 y

415 3677 451 3736 ln
479 3679 607 3752 patriam
639 3697 776 3738 reversus
806 3697 882 3754 quas
910 3680 940 3737 in
968 3697 1000 3736 re
1026 3678 1176 3754 praesenti
1206 3677 1425 3753 descripseram
1440 3673 1573 3734 ‘summa
1597 3696 1671 3735 cura

333 3779 446 3838 contuli
473 3797 539 3839 oum
565 3782 681 3857 ectypis
709 3782 784 3838 meis
811 3780 909 3855 plenis
936 3781 1138 3854 coniectisque
1166 3788 1255 3855 atque
1282 3798 1321 3837 ex
1348 3779 1387 3837 iis
1409 3779 1561 3856 supplevi,
1591 3797 1670 3854 quae

334 3881 366 3940 in
388 3881 495 3940 Africa
520 3883 664 3957 temporis
692 3883 839 3962 angustiis
869 3899 994 3959 pressus
1020 3881 1119 3958 legere
1146 3901 1205 3940 non
1227 3892 1401 3959 potueram:
1430 3900 1506 3958 quae
1532 3881 1577 3939 ita
1604 3883 1671 3941 erui

332 3983 410 4042 inira
431 4002 460 4060 p.
477 3984 541 4044 4.5
562 3985 714 4063 proposui.

410 4237 689 4341 ¹mmama

409 4382 434 4447 ²)
460 4385 577 4437 Nomina
600 4388 707 4452 antiqua
726 4386 868 4452 Beguensis
896 4386 923 4448 (s
941 4386 1043 4451 Begua,
1072 4395 1100 4436 ut
1118 4386 1229 4449 ridetur)
1254 4393 1280 4436 et
1302 4387 1453 4438 Musulamii
1476 4388 1502 4436 in
1526 4385 1614 4451 Begar
1641 4397 1669 4437 et

331 4477 434 4528 Msahel
459 4493 583 4528 conversa
605 4487 672 4529 sunt.
711 4480 788 4528 Haud
806 4495 888 4545 pauca
907 4479 1033 4529 eiusmodi
1059 4481 1256 4529 conversionum
1277 4480 1397 4544 exempla
1415 4479 1506 4529 afferre
1526 4495 1586 4528 cum
1606 4495 1666 4543 pos-

332 4571 389 4632 sim,
408 4585 488 4619 unum
507 4571 627 4621 sufficiat.
665 4571 749 4621 Notus
769 4572 841 4637 regni
860 4572 989 4622 Tunetani
1009 4587 1083 4621 mons
1102 4573 1222 4636 visusque
1242 4573 1268 4621 in
1289 4587 1320 4621 eo
1339 4573 1402 4620 situs
1421 4557 1503 4621 hodie¹
1519 4573 1668 4636 appellatur

331 4661 446 4712 Kissers.
492 4663 559 4713 Eum
585 4665 621 4712 ita
648 4664 804 4727 appellatum
833 4679 888 4714 esse
917 4671 1056 4713 narrarunt
1079 4663 1143 4712 mihi
1171 4663 1286 4724 Arabes,
1321 4663 1383 4728 quia
1408 4664 1445 4713 ibi
1471 4663 1666 4713 Mohammetus

332 4755 407 4816 olim,
435 4771 492 4804 cum
510 4755 638 4805 exercitus
657 4756 879 4806 Musulmanorum
905 4757 999 4806 bellum
1023 4771 1114 4820 gerens
1139 4762 1229 4805 contra
1252 4756 1369 4806 infideles
1395 4769 1490 4820 magna
1513 4755 1583 4805 fame
1608 4771 1666 4820 pre-

333 4853 457 4909 meretur,
477 4849 567 4913 viginti
591 4847 674 4897 millia
697 4848 831 4898 bominum
851 4849 958 4913 parvulo
978 4849 1060 4898 frusto
1080 4849 1153 4912 panis
1177 4848 1334 4898 satiavisset:
1354 4845 1462 4898 Kissern
1481 4847 1550 4897 enim
1574 4849 1666 4912 lingua

332 4939 436 4990 arabica
455 4946 494 4989 est
513 4939 625 5004 frustum
644 4939 751 5006 (punis).
798 4941 835 4990 At
858 4955 906 5005 ego
930 4942 958 4990 in
981 4941 1038 5005 ipso
1058 4941 1103 4990 illo
1122 4942 1194 5002 vico,
1225 4940 1269 5005 qui
1288 4941 1381 4990 eodem
1400 4943 1457 4991 loco
1476 4940 1540 4990 situs
1559 4947 1599 4989 est
1619 4941 1665 4990 ubi

331 5029 395 5081 olim
414 5029 559 5082 Romanam
579 5032 704 5096 oppidum
722 5032 778 5094 fuit,
798 5033 990 5097 inscriptionem
1009 5033 1120 5098 repperi,
1140 5034 1167 5084 in
1181 5033 1272 5098 quaid
1287 5029 1397 5083 Clusina
1415 5039 1534 5084 vocatia:
1553 5039 1665 5097 apparet
1727 5059 1732 5106 .'

331 5135 427 5172 numen
445 5121 599 5174 hodiernum
618 5124 753 5188 antiquum
772 5139 828 5175 esse
848 5131 1005 5189 corruptum.
1727 5107 1732 5114 ’
