3554 5828
152 462 207 512 eae
566 458 652 511 von.
677 460 692 510 1
717 459 1079 523 sacrovmsnmnvn.
1406 441 1479 512 tot

150 651 274 694 arverto
294 634 459 708 lassauit,
480 635 543 710 [m]
563 637 622 692 iam
644 638 709 710 quit
728 634 804 694 volet
826 654 881 712 pro
910 637 1075 694 icadiootod
1096 635 1235 712 m(umum)
1257 635 1305 708 [L
1315 636 1349 710 l]
1368 655 1482 696 monum

149 735 291 812 imieot[i]o
312 734 440 811 areat).
483 736 568 796 Seiae
585 735 812 812 moLqsstterntas
833 736 907 796 volet
927 739 1055 810 moltura,
1079 737 1186 796 licetod.
1265 755 1266 758 ¹

230 837 267 896 Id
288 845 349 898 eat:
372 838 410 896 ln
430 838 483 898 doe
505 839 567 898 ioco
592 847 701 899 iterem
721 857 756 898 ns
777 843 842 917 qais
856 841 988 914 scadito,
1015 857 1082 898 meos
1104 841 1226 899 auduom
1244 843 1386 916 protrito,
1411 859 1478 899 meos

143 949 307 1019 parentato.
352 937 473 1017 Siquis
494 942 632 1000 adversos
654 942 706 1000 doc
720 944 834 1018 fecerit,
855 945 887 1000 im
908 960 969 1000 cum
991 945 1015 1000 ei
1036 946 1087 1018 qai
1100 943 1173 1001 uolet
1189 962 1247 1019 pro
1261 944 1385 1003 iadiouto
1399 961 1477 1001 nam·

93 1093 97 1098 .
144 1062 221 1104 mam
238 1041 269 1102 L
288 1061 390 1102 mamas
411 1046 524 1102 iniectio
546 1054 613 1103 esto.
657 1042 725 1103 Siue
744 1047 931 1120 moqietrotne
952 1045 1026 1103 colet
1045 1045 1174 1117 multare,
1198 1044 1289 1104 iioeto.

232 1143 451 1206 Grammaticos
483 1145 512 1204 ei
547 1145 592 1204 rei
627 1163 715 1222 pares
751 1164 817 1205 cum
839 1146 961 1206 dubium
988 1137 1048 1205 non
1077 1148 1116 1206 sit
1152 1165 1222 1205 mox
1249 1147 1286 1205 de
1314 1148 1370 1205 hoo
1391 1147 1477 1207 titulo

145 1247 315 1308 accuratius
336 1247 469 1306 dicturos
491 1265 570 1321 esse,
592 1267 649 1328 ego
671 1249 708 1307 de
730 1257 904 1327 argumento
926 1267 1023 1326 pauca
1045 1249 1151 1308 addam
1158 1270 1166 1321 3
1196 1268 1264 1308 nam
1292 1248 1393 1308 multis
1415 1257 1475 1308 uon

148 1351 264 1428 indiget
290 1349 335 1408 rei
356 1349 508 1410 evidentia
528 1359 558 1410 et
578 1350 786 1428 perspicuitas.
830 1353 891 1428 Agi
913 1360 1038 1429 apparet
1066 1350 1103 1409 de
1123 1351 1191 1410 luco
1220 1369 1306 1410 sacro
1329 1371 1390 1410 non
1411 1351 1477 1428 pol-

144 1453 256 1514 luendo
277 1451 524 1514 immunditiebus
547 1451 743 1528 sepulcrisve,
766 1453 851 1511 utin
873 1454 1045 1512 universum
1067 1455 1108 1511 ait
1129 1463 1250 1531 praetor
1272 1454 1356 1531 (Dig.
1380 1455 1429 1525 43,
1447 1454 1474 1528 6,

150 1553 261 1633 lpr.):
284 1558 315 1612 in
337 1555 398 1613 loco
420 1573 505 1614 tooro
523 1557 625 1630 sotere
645 1560 715 1614 »iace
743 1573 804 1614 enm
830 1559 975 1615 immittere
1004 1557 1077 1632 qnid
1101 1565 1171 1617 ceto.
1198 1555 1313 1614 ,Plane
1347 1557 1474 1614 similem

143 1657 389 1716 constitutionem
409 1666 510 1717 tamen
532 1676 592 1717 non
612 1657 739 1736 repperi,
761 1675 943 1735 quamquam
962 1677 1057 1735 prope
1079 1657 1195 1718 accedit
1216 1657 1260 1716 lea
1285 1662 1341 1717 rivi
1361 1658 1400 1717 Ul
1411 1703 1418 1716 .
1435 1699 1479 1740 ..,

144 1778 238 1836 quam
259 1758 339 1817 edidi
360 1759 392 1816 in
413 1758 543 1820 Hermae
566 1759 625 1819 vol.
649 1760 668 1817 4
689 1778 719 1836 p.
743 1757 803 1818 tet
824 1760 1020 1837 repetivitque
1046 1759 1115 1818 inde
1135 1757 1304 1819 Wilmanns
1327 1757 1359 1818 n.
1383 1759 1474 1832 2730,

146 1861 198 1921 ubi
220 1862 264 1920 sic
285 1869 345 1920 est:
381 1864 409 1920 ai
435 1865 500 1938 qaia
532 1865 563 1919 im
590 1881 620 1920 eo
647 1861 726 1938 (rivo
754 1861 883 1938 scilicet)
908 1865 1048 1932 micuerit,
1078 1862 1276 1939 spurcit(iom)
1294 1864 1412 1937 fecerit,
1443 1865 1474 1920 in

143 1963 307 2041 tersorium)
329 1963 408 2021 Iooit
430 1963 606 2038 morentii?
628 1965 776 2022 deanrium
796 1963 896 2041 auam)
917 1965 1003 2034 dato;
1040 1962 1204 2039 del(otorio)
1227 1983 1301 2040 para
1325 1963 1474 2041 dim(idio)

144 2075 214 2124 esto.
237 2097 275 2107 -
320 2063 381 2139 Qui
402 2076 506 2124 contra
531 2066 620 2138 facit,
648 2067 677 2126 ei
702 2067 758 2125 hec
787 2066 922 2125 iussione
954 2084 1052 2142 poena
1077 2067 1240 2144 imponitur
1273 2076 1324 2125 aut
1355 2067 1473 2145 privato

144 2168 258 2227 iudicio
287 2167 437 2245 exigenda
462 2177 514 2228 aut
534 2168 665 2246 publico.
709 2167 799 2242 Quod
820 2187 880 2244 quo
900 2169 964 2244 iure
991 2168 1044 2227 fiat
1070 2170 1097 2226 si
1118 2178 1285 2245 quaeratur,
1312 2169 1473 2246 respoude-

141 2271 243 2329 bimus
264 2270 329 2329 iure
349 2268 469 2347 publico
490 2270 594 2347 populi
615 2269 755 2330 Lucerini
777 2271 860 2347 (uam
881 2270 1001 2328 colonia
1021 2268 1132 2330 Latina
1153 2269 1283 2330 Luceria
1302 2251 1373 2343 luit,
1405 2290 1472 2331 oum

142 2371 195 2430 hic
216 2368 318 2430 titulus
339 2371 469 2449 scriptus
492 2381 548 2445 est,
570 2382 600 2431 et
620 2374 652 2432 in
674 2391 731 2430 sua
751 2373 912 2450 potestate)
938 2373 981 2431 its
1007 2373 1187 2444 obtinuisse,
1215 2373 1279 2431 sive
1303 2373 1335 2431 in
1356 2374 1472 2433 unirer·

141 2491 211 2532 sum
237 2491 319 2530 more
349 2473 497 2533 maiorum
533 2475 596 2534 sive
627 2475 695 2552 lege
721 2474 826 2552 populi
855 2473 892 2534 de
922 2474 979 2532 hoo
1010 2476 1078 2551 ipso
1113 2473 1179 2533 luco
1207 2474 1277 2533 lata.
1326 2473 1473 2537 solebant

143 2581 245 2634 autem
265 2574 395 2634 Romani
421 2576 452 2636 iu
473 2576 621 2636 eiusmodi
642 2577 770 2649 delictis,
792 2596 867 2654 quae
889 2587 918 2635 et
939 2577 1084 2654 populum
1104 2576 1256 2636 laederent
1277 2586 1307 2636 et
1327 2580 1471 2653 pecuniae

141 2677 382 2736 aestimationem
404 2679 604 2752 admitterent,
626 2687 687 2738 tam
708 2678 857 2756 publicum
877 2678 1018 2738 iudicium
1030 2697 1197 2758 proponere
1212 2697 1300 2756 quam
1322 2681 1470 2757 privatum

140 2780 410 2855 recuperatorium,
438 2799 498 2856 qua
530 2781 566 2840 de
594 2800 626 2839 re
652 2781 717 2840 dixi
749 2781 822 2840 alibi
844 2781 1039 2859 (Stanterecltt
1066 2783 1099 2854 1,
1125 2781 1197 2857 141)
1224 2781 1372 2859 fidemque
1398 2784 1471 2842 facit

140 2883 318 2959 praesertim
352 2881 455 2941 tabula
487 2883 619 2942 Bantina
648 2903 674 2941 v.
704 2883 721 2942 8
752 2901 815 2959 seq.
859 2880 919 2943 Sed
950 2882 1024 2941 haec
1044 2901 1134 2961 quam
1165 2884 1215 2942 lex
1244 2881 1391 2944 Lucerinn
1418 2886 1470 2945 dat

130 2968 224 3062 'optio
259 2984 296 3043 ab
325 2983 378 3042 illa
413 3003 448 3043 eo
481 2986 601 3045 nomine
628 2985 735 3057 differt,
770 2985 849 3062 quod
886 2985 1017 3044 Bantina
1047 2985 1152 3044 tabula
1183 2987 1391 3063 magistratum
1418 2989 1469 3064 qui

138 3086 224 3145 volet
243 3093 468 3162 recuperatores
495 3107 514 3145 a
534 3096 671 3166 praetore
698 3097 799 3164 petere
825 3088 921 3160 iubet,
947 3086 1096 3147 Lucerina
1127 3088 1222 3146 civem
1250 3107 1470 3167 quemcunque;

72 3191 78 3202 '
138 3188 231 3266 plane
256 3194 290 3245 ut
309 3187 418 3266 legitur
438 3191 470 3249 in
483 3190 632 3249 institutis
654 3190 809 3249 Iustiniani
832 3191 861 3263 4,
885 3191 923 3249 10
952 3209 1014 3267 pn:
1052 3209 1113 3250 cam
1142 3190 1208 3248 oiim
1235 3194 1266 3248 im
1291 3210 1346 3250 aso
1361 3192 1469 3265 saittet

136 3289 257 3350 alteriue
278 3293 389 3351 momine
410 3311 492 3369 apere
512 3311 571 3352 mon
587 3296 752 3369 perteniat
772 3311 829 3368 pro
845 3291 972 3369 populo,
1000 3311 1057 3369 pro
1083 3292 1226 3365 libertate,
1248 3312 1305 3369 pro
1329 3292 1467 3370 tatelo³).

137 3494 345 3506 ...-

217 3655 241 3721 ¹)
260 3661 313 3714 Pro
332 3670 365 3712 Νι
385 3657 412 3706 in
432 3638 521 3721 ldpida
540 3671 644 3707 necesse
663 3663 701 3707 eat
718 3656 797 3706 fuerit
815 3665 864 3712 Na
887 3656 1011 3706 similisve
1028 3662 1091 3706 nota
1109 3657 1258 3706 numeralis.

217 3751 244 3821 ²)
264 3752 433 3803 Accusativus
451 3765 548 3800 monam
567 3753 662 3816 pendet
680 3766 697 3800 a
715 3751 874 3801 substantivo
888 3749 984 3800 verbali
1002 3751 1117 3814 iniecti03
1137 3752 1173 3801 ita
1191 3751 1260 3801 enim
1279 3752 1466 3802 emendandum

136 3854 185 3898 est.
223 3845 327 3899 Similia
353 3850 379 3893 et
405 3844 473 3908 apud
509 3853 598 3909 poetas
631 3843 745 3895 Graecos
771 3844 866 3906 passim
894 3844 1054 3908 reperiuntur
1085 3849 1111 3892 et
1145 3844 1252 3894 Plautus
1293 3859 1393 3909 quoque
1430 3846 1467 3894 sic

133 3941 237 3990 locutus
264 3944 303 3988 est
329 3935 482 3988 Aululariae
501 3937 527 3998 3,
542 3939 568 4000 2,
582 3937 613 3987 9:
642 3935 704 4004 qnid
730 3932 777 3984 tibi
802 3950 855 3994 mor,
880 3933 989 3985 mendice
1007 3934 1085 3996 domo,
1114 3937 1234 3986 tactioeti
1269 3936 1467 4001 Amphitruonis

136 4031 191 4083 519
209 4031 263 4082 tt:
290 4029 351 4098 qaid
378 4029 426 4083 tibi
447 4029 512 4081 itanc
535 4029 659 4079 carutioat
675 4029 743 4077 remi
781 4026 891 4078 Casinae
911 4029 934 4088 2,
951 4028 976 4090 6,
991 4027 1042 4078 56:
1067 4027 1129 4094 quid
1147 4025 1194 4077 titt
1212 4030 1289 4079 tactio
1309 4026 1374 4078 douc
1393 4028 1465 4094 sciti

137 4124 306 4189 similiterque
330 4123 388 4174 aliis
406 4124 471 4174 loeis
495 4123 564 4185 (vide
583 4121 743 4185 Draegerum
767 4116 974 4184 distendamus
997 4118 1042 4169 der
1066 4120 1112 4171 lat.
1137 4117 1251 4188 Spracle
1271 4123 1295 4182 1,
1310 4120 1383 4182 330).
1428 4123 1467 4170 At

136 4232 198 4266 cum
215 4216 323 4267 Plautus
347 4231 379 4267 aa
396 4217 482 4266 forma
500 4214 536 4264 ibi
556 4212 733 4264 tantummodo
752 4218 846 4273 utatur,
871 4212 915 4261 ubi
940 4219 965 4262 et
982 4214 1114 4278 praeeedit
1132 4212 1194 4279 quid
1212 4214 1421 4278 interrogativum
1440 4220 1467 4263 et

135 4309 251 4374 seqnitur
282 4308 389 4359 verbum
417 4307 619 4367 substantivum,
647 4305 675 4354 in
702 4303 752 4354 hoc
775 4303 849 4353 titulo
877 4310 904 4353 ut
936 4305 963 4354 id
993 4306 1076 4370 ipsum
1101 4307 1229 4372 sequitur,
1259 4307 1296 4356 ita
1326 4304 1388 4372 qnid
1410 4321 1463 4356 non

136 4401 282 4466 praecedit,
308 4415 356 4450 nec
381 4402 432 4450 iam
457 4400 563 4450 dubium
589 4404 628 4448 est
645 4397 712 4447 hanc
735 4397 876 4446 rectionem
900 4411 953 4446 non
977 4396 1132 4448 Graecismis
1156 4399 1375 4449 adnumerandam
1400 4413 1464 4460 esse,

135 4493 183 4544 aad
205 4493 233 4543 in
257 4499 357 4543 vetusto
382 4506 500 4542 sermone
529 4492 623 4542 Latino
646 4490 787 4556 legitimum
810 4489 895 4540 locum
920 4488 1069 4540 obtinuisse.
1106 4492 1163 4542 Hoc
1189 4507 1246 4542 eum
1270 4491 1391 4541 Plautino
1416 4506 1463 4541 usu

137 4585 267 4647 convenit,
285 4583 355 4651 qnod
373 4585 449 4650 posui
472 4584 500 4633 ie
522 4583 572 4632 inm
589 4597 685 4632 manum
703 4579 804 4632 iniectio
822 4579 899 4642 estod,
929 4588 958 4630 ut
975 4583 1002 4630 iu
1025 4599 1078 4632 enm
1095 4591 1198 4649 regatur
1215 4598 1231 4634 a
1249 4584 1327 4634 verbo
1347 4583 1463 4634 substan-

135 4679 204 4740 tivo;
228 4655 362 4727 ¹similiter
388 4677 416 4727 iu
446 4677 572 4726 sententia
604 4673 666 4741 quid
693 4671 741 4724 tibi
774 4671 840 4724 donc
872 4674 994 4724 curatioet
1017 4676 1084 4725 remi
1116 4675 1217 4726 dativus
1244 4677 1339 4741 pendet
1365 4675 1397 4726 ab
1425 4683 1463 4726 cst

135 4769 271 4832 vocabulo,
290 4770 451 4820 accusativus
470 4783 486 4819 a
505 4769 627 4819 curando.

213 4858 239 4924 ⁸)
270 4861 365 4914 Gaium
383 4862 441 4912 loco
460 4862 539 4912 simili
556 4863 583 4924 4,
599 4862 642 4922 tt,
663 4874 737 4926 quem
764 4860 800 4909 sio
820 4859 921 4923 excepit
939 4855 1152 4911 studemunmus:
1184 4877 1237 4910 eam
1261 4861 1384 4926 olimque
1405 4867 1461 4910 tem·

133 4953 282 5021 perempte
300 4955 411 5006 notiones
434 4955 462 5004 im
485 4971 532 5004 aaa
548 4953 661 5018 saisaent
679 4933 761 5002 alieno
777 4949 875 5000 ¹comino
898 4965 975 5016 opere
998 4967 1048 5002 aon
1071 4951 1156 5003 liceret
1174 4968 1256 5020 prope
1274 4953 1307 5016 (i)
1329 4968 1402 5019 qaam
1420 4968 1461 5002 ee-

136 5045 216 5113 oeptis
234 5047 326 5110 omae,
346 5053 453 5114 apparet
470 5049 507 5098 sio
525 5046 669 5112 scripsisset
688 5061 738 5096 mom
758 5043 844 5096 tteeret
859 5051 1038 5112 praeterquam
1063 5059 1092 5095 ea
1110 5047 1185 5096 certis
1204 5045 1288 5096 comit
1311 5060 1393 5110 neque
1418 5060 1461 5096 eas

136 5141 207 5205 ipsas
225 5140 347 5192 armine.
