3540 5828
358 463 360 468 ¹
437 498 742 552 cassavanuonas
768 499 1043 552 arroasrfflcan
1070 500 1161 552 xvn.
1387 482 1458 552 257

136 671 197 733 Sed
218 691 286 732 eum
312 672 479 750 fratresque
506 674 576 733 dum
597 674 673 733 uixit
695 675 880 752 suspiciosus
902 675 1063 752 imperator
1084 674 1225 734 Tiberius
1251 675 1282 733 iu
1303 674 1393 735 Italia
1418 695 1463 734 re·

135 775 234 847 tinuit,
257 774 308 834 ubi
329 775 447 834 educati
468 787 539 836 sunt
560 795 620 836 nna
641 795 707 836 cum
729 777 918 852 imperatoris
939 787 1046 854 nepote
1062 775 1141 837 Gaio
1163 796 1199 837 eo
1220 779 1271 854 qui
1293 786 1399 853 postea
1419 797 1463 836 re-

135 877 289 954 gnavit1).
334 874 393 952 Qui
416 897 482 936 oum
503 879 633 956 primum
656 879 685 937 in
708 879 902 938 contubernio
929 881 1070 956 proaviae
1093 880 1199 939 Liviae
1224 881 1327 952 inerit,
1358 878 1464 939 deiude

135 999 172 1039 ea
194 979 334 1039 defuncta
354 999 381 1038 a.
399 979 436 1039 29
460 981 612 1040 transierit
632 981 664 1040 in
685 981 911 1041 contubernium
931 982 1016 1040 aviae
1032 983 1192 1055 Antoniae,
1214 1001 1285 1040 mox
1309 1001 1335 1040 a.
1352 981 1390 1041 32
1408 980 1464 1041 Ca-

134 1099 224 1162 preas
246 1083 285 1141 ad
306 1081 459 1142 Tiberium
481 1084 593 1143 accitos
614 1081 708 1159 siti),
736 1084 890 1161 probabile
912 1093 960 1142 est
981 1081 1086 1160 Cotyis
1109 1084 1188 1143 lilios
1210 1093 1271 1142 tres
1297 1083 1465 1159 dequibus

136 1185 235 1264 agitur
256 1193 286 1244 et
307 1185 390 1260 ipsos
412 1194 464 1247 aut
486 1185 565 1260 apud
581 1187 744 1244 Antoniam
759 1187 854 1268 *aviae
876 1203 949 1244 suae
971 1203 1104 1244 sororem
1127 1195 1178 1244 aut
1199 1185 1277 1264 apud
1298 1186 1398 1263 ipsum
1412 1183 1465 1246 Ti·
1572 1257 1573 1260 Ἴ

136 1287 250 1346 barium
275 1287 306 1345 in
339 1287 410 1346 aula
436 1289 520 1366 regia
545 1297 677 1347 moratos
704 1285 821 1363 essc3).
870 1287 982 1346 Tutela
1007 1300 1105 1346 autem
1138 1289 1222 1364 regni
1249 1287 1396 1346 Thraciae
1428 1287 1466 1345 ab

138 1391 194 1448 hoc
216 1398 358 1466 suscepta
371 1388 592 1466 quodammodo
615 1391 647 1449 in
662 1391 888 1466 occupationem
904 1389 1025 1448 verterit
1046 1403 1168 1448 necesse
1190 1398 1236 1448 est
1257 1409 1311 1448 nec
1325 1389 1466 1449 Tiberius
1509 1393 1511 1396 ’

136 1490 367 1550 Rhoemetalces
396 1490 498 1550 adulto
524 1489 1099 1563 fectosamrestituerit3na1uGaius
1129 1492 1246 1550 demum
1279 1509 1344 1549 avo¹
1366 1479 1466 1549 succe·

138 1592 212 1652 dens
234 1611 261 1650 a.
284 1611 313 1669 p.
330 1591 401 1652 Chr.
418 1592 457 1652 38
484 1602 640 1669 paternum
668 1594 695 1652 ei
722 1613 846 1672 regnum
872 1592 1049 1669 reddidit⁴).
1093 1591 1185 1653 Cordi
1207 1593 1286 1652 enim
1307 1610 1386 1651 nouo
1402 1591 1467 1655 Soli

137 1695 201 1768 luit,
225 1705 258 1754 ut
272 1695 315 1754 ait
329 1695 434 1755 titulus
450 1693 628 1773 Cyzicenus,
651 1705 759 1755 utana
778 1715 844 1755 cum
856 1697 953 1772 ipsius
977 1695 1074 1755 sidere
1096 1695 1185 1754 simul
1201 1703 1396 1755 exorerentur
1418 1714 1468 1758 coe

139 1797 274 1857 mitantia
300 1799 499 1874 principatum
513 1799 587 1857 ¹eius
609 1797 749 1876 regna5).
796 1797 918 1859 Scilicet
940 1796 1036 1858 Gaius
1058 1798 1172 1875 filiique
1194 1795 1300 1875 Cotyis
1329 1798 1469 1873 proxima

140 1899 360 1958 necessitudine
382 1901 535 1959 coniuncti
558 1910 656 1971 erant,
681 1919 748 1958 cum
771 1901 840 1959 avia
861 1898 934 1959 Gaii
955 1899 1113 1959 ethorum
1134 1900 1261 1976 proavia
1282 1917 1469 1985 sorores‚es·

142 2010 209 2061 sent
230 2002 381 2061 Antoniae
404 2001 532 2078 duaci),
555 2021 657 2061 omnes
680 2010 778 2062 autem
800 2021 986 2062 communem
1008 2009 1161 2079 parentem
1183 2001 1329 2061 haberent
1349 2001 1389 2060 M.
1405 2002 1469 2059 An·

141 2104 254 2163 tunium
276 2103 433 2164 IlIrirum.
478 2103 667 2182 Quapropter
689 2115 722 2164 ut
743 2103 827 2163 initio
854 2105 1041 2183 principatus
1065 2102 1162 2164 Gaius
1184 2104 1346 2164 Antoniam
1373 2105 1469 2166 avlam

141 2208 254 2284 optime
281 2207 318 2266 de
345 2225 377 2265 se
405 2207 540 2266 meritam
566 2207 704 2266 omnibus
726 2207 835 2282 officiis
857 2203 972 2282 foniti)
999 2217 1029 2268 et
1051 2207 1171 2271 omnino
1193 2224 1265 2284 erga
1285 2207 1470 2284 propinquos

143 2309 298 2378 universos
325 2308 362 2368 ad
390 2308 545 2367 stultitiam
574 2326 667 2385 usque
693 2309 762 2387 pius
790 2308 1028 2384 associant),
1057 2309 1100 2367 ita
1122 2307 1227 2385 Cotyis
1252 2325 1370 2386 quoque
1391 2307 1469 2366 filios

142 2417 203 2470 tres
226 2418 329 2487 utpote
351 2430 390 2468 ex
412 2411 534 2472 sobrina
555 2411 649 2489 ipsius
671 2419 758 2471 natos
785 2430 889 2472 omnes
910 2411 987 2469 inter
1008 2428 1095 2488 reges
1117 2411 1240 2470 rettulit.
1263 2443 1303 2454 -
1325 2409 1470 2469 Eiusdem

140 2512 373 2600 Rhoemetalcae
394 2510 501 2589 Cotyis
530 2513 584 2572 filii
613 2514 701 2572 etiam
730 2514 840 2574 nummi
868 2521 986 2586 extant,
1013 2513 1175 2590 inquibus
1204 2513 1242 2571 ab
1268 2513 1364 2572 altera
1386 2521 1471 2590 parte

141 2625 230 2690 caput
256 2613 327 2675 Gaii
355 2617 485 2674 cernitur
518 2617 669 2692 adscripto
703 2615 822 2675 nomine
848 2608 936 2691 l'o[t'‹p
964 2607 1086 2698 Καίσαρι
1111 2614 1286 2698 raphanum?
1312 2605 1472 2690 Σεβαοτοῗ,

219 2881 242 2944 ¹)
266 2884 323 2934 Hoc
342 2898 443 2949 quoque
466 2883 553 2933 docuit
577 2883 710 2950 inscriptio
732 2883 860 2948 Cyzicena
879 2883 963 2934 verbis
982 2882 1034 2933 his:
1056 2870 1113 2940 τοῦς
1130 2871 1226 2939 Κὸτνος
1251 2879 1278 2932 di
1297 2877 1388 2939 παῖδας
1403 2873 1471 2931 Ῥοι-

142 2963 269 3042 μητοῖλνην
292 2972 333 3024 xci
357 2970 499 3045 Πολίμωνο
528 2974 568 3026 καὶ
592 2963 677 3026 Kissa
701 2960 852 3042 σνντρᾶῲους
877 2969 918 3024 uni
949 2971 1059 3045 ἑταίρους
1088 2973 1163 3040 ἑαυτῷ
1187 2977 1265 3042 (imp.
1288 2976 1371 3039 Gaio)
1399 2991 1471 3043 yspa-

143 3085 227 3124 νοτος.

220 3157 244 3223 ²)
271 3161 378 3214 Sueten.
393 3161 451 3214 Gai.
469 3164 511 3212 10.
550 3159 655 3212 Tacitus
675 3175 734 3210 ann,
755 3161 780 3222 6,
802 3162 845 3210 20.

219 3250 244 3315 ⁸)
272 3253 392 3304 Conierri
410 3261 504 3320 potest,
524 3253 593 3319 quod
607 3254 726 3320 Agrippa
744 3269 790 3304 rex
804 3253 959 3302 ludaeorum
972 3251 1044 3304 Gaio*
1060 3253 1209 3317 imperatori
1228 3259 1359 3318 tamquam
1378 3253 1473 3318 paeda-

143 3360 224 3410 gogus
244 3345 327 3396 stlfuit
346 3345 461 3413 (Ioseph.
475 3353 527 3396 ant.
544 3348 586 3407 18,
602 3347 627 3406 6,
641 3348 677 3408 4).

218 3436 243 3498 ⁴)
267 3438 322 3487 Dio
338 3439 381 3500 59,
397 3441 443 3489 12:
464 3425 544 3488 licitos
563 3426 605 3501 erio
617 3454 643 3485 το
662 3432 798 3506 Ἀρμενίαν
815 3428 858 3499 τήν
872 3431 1035 3506 σμικροτίραν
1046 3433 1087 3486 καὶ
1107 3423 1167 3503 pasci
1186 3434 1258 3486 τοῦτο
1277 3434 1317 3487 καὶ
1335 3434 1377 3498 τῆς
1394 3432 1473 3503 Ἀρα-

143 3523 202 3592 βίας
220 3519 276 3578 tevai
294 3529 328 3592 τῷ
346 3546 372 3578 τι
391 3521 549 3602 Ῥομητοῖλκῃ
569 3520 601 3579 τοὶ
618 3525 662 3580 soii
680 3519 776 3585 Ko'rooc
794 3527 834 3578 ani
855 3525 990 3594 Πολίμοννι
1011 3527 1044 3591 τᾷ
1062 3526 1107 3578 τοῦ
1126 3525 1279 3596 Πολίμοννος
1298 3526 1349 3578 uisi
1365 3518 1408 3592 sris
1427 3545 1474 3576 na-

142 3612 219 3689 τριᾷαν
239 3610 323 3693 ἀρχὴν
342 3619 514 3690 ψηφισαμένης
537 3609 567 3686 dr)
586 3620 629 3686 τῆς
648 3620 742 3685 βουλῆς
762 3615 902 3692 ἶχαρίσοτο
926 3614 951 3669 ia
968 3636 995 3668 τι
1014 3617 1045 3691 τῇ
1064 3617 1145 3688 ἀγορᾷ
1167 3597 1208 3669 rial
1231 3615 1270 3669 ini
1295 3617 1339 3670 τοῦ
1363 3615 1474 3687 βήματος

144 3711 168 3762 ἓν
187 3708 266 3782 δίφρῳ
287 3702 379 3782 pasagii
404 3714 450 3764 raia
470 3704 564 3764 ὖοοοῖτνν
583 3703 757 3781 antistianus.
796 3713 996 3764 Rhoemetalcen
1022 3729 1080 3763 eum
1104 3714 1136 3763 de
1161 3729 1211 3778 quo
1237 3713 1286 3764 hoo
1311 3715 1369 3764 loco
1390 3716 1475 3780 agitur

144 3808 227 3857 adhuc
252 3809 408 3860 credidimus
432 3810 545 3873 intellegi
566 3808 765 3873 Rhescuporidis
788 3807 870 3856 illium
892 3804 971 3870 (apud
991 3821 1038 3855 nos
1058 3822 1083 3854 u.
1107 3805 1147 3868 8).
1183 3807 1222 3855 cui
1246 3807 1327 3857 altera
1346 3806 1474 3857 Thraciae
1519 3875 1520 3880 1
1544 3853 1545 3856 ,

145 3916 207 3966 pars
225 3915 242 3951 a
261 3901 330 3953 Gaio
350 3902 410 3952 data
428 3902 461 3950 sit
480 3902 559 3966 stirpe
580 3901 669 3966 Cotyis
689 3902 722 3952 ad
741 3883 893 3950 Armeniam
913 3898 1044 3948 translata.
1081 3899 1120 3948 At
1137 3906 1273 3964 postquam
1293 3899 1381 3948 titulus
1401 3899 1475 3962 Cyzi·

146 4009 224 4044 cenus
248 3995 335 4044 docuit
359 3993 448 4058 Cotyis
470 3993 611 4046 liberorum
640 3999 702 4044 natu
727 3994 869 4042 maximum
893 3991 984 4041 eodem
1006 3991 1112 4042 numius
1134 3991 1213 4040 fuisse
1236 4007 1344 4056 eumque
1369 4007 1476 4057 regnare
1548 4043 1554 4052 ,
1593 3973 1598 3986 ’

146 4087 261 4151 coepisse
280 4087 424 4150 imperante
443 4102 494 4136 nou
509 4086 624 4148 Tiberio,
645 4086 691 4135 sed
704 4085 781 4145 Gaio,
802 4083 895 4134 collato
915 4083 1062 4132 testimonio
1072 4083 1208 4135 Strabonis
1223 4082 1385 4148 (pibbadn.
1398 4083 1429 4144 t)
1450 4084 1477 4134 id

149 4179 258 4228 eflicitur
277 4178 347 4243 quod
367 4193 443 4243 supra
467 4179 599 4242 posuimus
618 4178 723 4228 nomine
742 4176 943 4228 Rhoemetalcen
961 4189 1069 4240 regnare
1089 4177 1202 4240 coepisse
1226 4182 1285 4241 post
1308 4176 1406 4225 obitum
1431 4192 1476 4242 pa·

149 4272 209 4332 tris,
236 4271 282 4320 sed
302 4272 405 4320 tutelam
426 4272 497 4335 regni
517 4271 649 4321 'liberium
668 4272 695 4320 in
715 4269 911 4333 occupationem
929 4269 1045 4318 vertisse.
1083 4267 1206 4333 Sequitur
1224 4269 1286 4318 item
1305 4267 1390 4334 Cotyn
1409 4261 1492 4331 eum,'

149 4365 221 4414 cuius
239 4377 347 4427 regnum
361 4362 442 4415 Gaius
466 4362 665 4414 Rhoemetalces
684 4361 781 4424 tribuit,
801 4359 997 4412 Rhoemetalces
1016 4367 1115 4424 patrem
1135 4375 1199 4423 csse,
1219 4376 1272 4411 non
1290 4360 1396 4412 transm
1415 4375 1476 4412 mcx

94 4497 96 4500 .
148 4463 390 4517 commemoratum
417 4469 571 4520 quamquam
590 4455 646 4505 fieri
666 4461 762 4522 potest,
785 4459 814 4504 ut
832 4454 886 4504 Dio
908 4447 964 4518 ipse
986 4453 1125 4504 crediderit
1144 4453 1176 4503 de
1195 4454 1287 4505 eodem
1307 4453 1388 4518 Cotye
1408 4461 1477 4504 ntro·

148 4563 198 4613 qne
218 4548 276 4598 loco
295 4549 346 4612 agi.

225 4637 248 4702 ⁵)
272 4636 347 4688 'Enni
367 4630 381 4689 ὅ
400 4623 560 4698 νοδςἭλιος
579 4631 658 4695 Γάιος
675 4640 779 4707 Καῖσαρ
793 4623 926 4700 Selinusia
944 4626 1094 4706 Γιρμονοκδς
1114 4626 1307 4706 σννονολᾶμψοιι
1326 4640 1381 4695 τοῖς
1401 4631 1478 4702 ἰδίοις

148 4725 237 4796 αὐγαῖς
255 4723 298 4780 sai
316 4718 361 4788 τοῖς
381 4719 532 4800 δορυφορονς
550 4730 592 4796 τῆς
610 4723 741 4798 η’γομονοάς
759 4723 888 4794 sibiipsis
907 4725 1077 4798 βασιλῂιΊος.
1189 4797 1194 4806 ⁴
1262 4720 1279 4744 '

226 4821 250 4886 ⁶)
275 4824 343 4874 Vide
368 4839 434 4889 quae
458 4826 486 4875 iu
510 4824 558 4875 hac
583 4825 746 4890 ephemeride
773 4824 850 4874 voli
872 4839 897 4888 p.
913 4823 964 4874 223
990 4823 1022 4872 de
1041 4824 1160 4874 Antonia
1184 4825 1312 4875 triumviri
1336 4825 1392 4875 lilia
1416 4831 1477 4876 natu

149 4917 265 4966 maxima
282 4924 362 4981 nupta
380 4916 532 4980 Pythodoro
552 4915 686 4967 Tralliano
706 4917 823 4981 exposui.

225 5003 249 5070 1)
275 5009 381 5062 Sueten.
402 5008 462 5061 Gai.
484 5009 531 5059 15:
557 5008 683 5058 Antoniae
701 5009 776 5059 coine
794 5006 918 5074 quidquid
934 5023 1047 5074 umquam
1066 5005 1146 5058 Livia
1164 5008 1283 5075 depasto
1300 5007 1420 5064 bonorum
1437 5023 1477 5060 ce-

145 5101 235 5169 pisset,
255 5117 303 5152 uno
324 5107 424 5152 senatun
442 5101 554 5152 consulto
574 5101 705 5167 conpescit.
743 5099 797 5154 Dio
817 5101 860 5165 59,
882 5101 907 5154 3.
944 5101 1045 5158 Echbcl
1064 5101 1089 5162 6,
1111 5101 1173 5156 179.

228 5190 252 5256 ⁸)
278 5193 458 5248 Suetonio.
495 5194 549 5246 Dic
568 5194 585 5244 l.
600 5209 622 5245 c.
