3540 5828
588 531 662 582 unx
680 529 762 581 con.
783 527 1011 580 onnnmvnn.
1392 511 1462 580 125

207 703 329 774 CXXX
373 705 401 779 7,
418 704 548 766 39-51
646 702 775 766 Senator
795 702 899 782 populi
920 702 1050 762 Romani
1071 703 1191 779 quando
1212 711 1358 782 patronus
1373 705 1466 782 adop-

698 807 754 866 tari
776 806 875 883 possit
1217 825 1246 884 p.
1265 806 1333 866 145.
1352 806 1409 865 146
1419 825 1464 885 sq.

188 907 330 970 CXXXI
374 911 403 984 7,
418 909 544 983 52-8,
563 911 599 970 13
650 907 778 971 Senator
798 908 900 988 populi
914 908 1043 967 Romani
1065 908 1184 985 quando
1202 909 1313 987 hospes
1328 911 1466 988 adoptari

699 1012 797 1089 possit
1217 1031 1247 1089 p.
1266 1012 1333 1072 145.
1353 1013 1410 1071 146
1420 1030 1464 1089 sq.

176 1113 327 1176 CXXXII
371 1115 547 1187 8‚14-33
647 1114 765 1204 Petitor
780 1114 965 1191 ‘largitiones
986 1133 1023 1172 ne
1044 1113 1135 1173 saciat
1156 1132 1231 1173 neve
1253 1116 1391 1174 convivia
1411 1136 1465 1192 pu·

628 1267 630 1274 ,
696 1217 776 1276 blica
796 1215 847 1274 det
1302 1238 1331 1296 p.
1351 1217 1464 1295 l39sq.

155 1319 330 1382 CXXXIII
373 1321 402 1391 8,
417 1321 546 1380 34-38
645 1319 788 1379 Mulieres
809 1319 982 1377 colonorum
1005 1319 1140 1378 coloniae
1159 1319 1276 1397 legibus
1294 1327 1326 1378 ut
1340 1329 1466 1398 pareant

1358 1442 1387 1498 p.
1405 1421 1463 1481 126
1496 1439 1498 1444 ·

160 1525 328 1587 CXXXIV
372 1527 401 1598 8,
417 1526 548 1586 39-47
561 1569 568 1586 .
582 1569 611 1584 ..
645 1525 831 1586 Decuriones
854 1525 891 1583 ab
914 1524 1041 1584 decretis
1062 1525 1305 1584 remuneratoriis
1328 1525 1466 1583 ambitio-

697 1629 740 1688 sis
762 1638 795 1687 ut
816 1627 985 1686 abstineant
1271 1647 1299 1705 p.
1319 1627 1387 1688 138.
1407 1629 1464 1687 145

221 2327 354 2388 Colonos
376 2329 491 2389 divisos
512 2345 580 2388 esse
601 2327 632 2386 in
654 2327 750 2387 tribus
772 2328 840 2387 inde
861 2327 997 2399 efficitur,
1018 2327 1098 2405 quod
1120 2325 1310 2403 magistratus
1325 2335 1463 2386 creantur
1492 2330 1593 2382 Coloni.

126 2451 189 2510 pro
212 2430 428 2508 6166(4,18).
461 2431 523 2490 Eas
539 2431 633 2490 tribus
650 2449 710 2488 nou
724 2429 817 2490 fuisse
832 2431 935 2508 populi
949 2430 1088 2503 Romani,
1111 2429 1162 2488 sed
1179 2428 1315 2506 proprias
1330 2429 1467 2490 coloniae
1498 2429 1592 2480 Tribus

131 2537 226 2594 huius
248 2534 295 2591 vel
316 2534 386 2592 inde
407 2533 600 2612 intellegitur,
623 2533 703 2610 quod
721 2531 864 2592 Caesaris
887 2539 984 2591 aetate
1007 2533 1057 2592 uni
1079 2531 1136 2591 soli
1158 2551 1197 2591 ex
1219 2531 1323 2608 populi
1337 2532 1466 2592 Romani

132 2637 274 2696 tribubus
297 2642 329 2694 ut
349 2635 529 2712 reliquarum
553 2636 738 2695 coloniarum
752 2635 1039 2712 municipiorumque
1054 2633 1097 2693 itu
1112 2635 1200 2693 etiam
1216 2634 1351 2694 coloniae
1367 2633 1466 2695 Gene-

131 2741 215 2798 tivae
242 2739 323 2810 cives
350 2738 519 2812 adscriptos
544 2737 638 2796 fuisse
665 2747 777 2796 certum
800 2747 846 2795 est
868 2746 897 2795 et
918 2713 1116 2813 exploratum.
1159 2737 1235 2828 Post
1254 2746 1373 2813 reperta
1394 2754 1467 2796 aera

133 2841 365 2917 municipiorum
387 2839 524 2898 Latini
515 2841 589 2898 ruris
612 2841 745 2899 Malacae
773 2847 802 2897 et
824 2837 988 2914 Salpensae
1016 2839 1183 2898 communis
1209 2819 1312 2914 opinio
1338 2840 1468 2899 obtinuit

131 2962 185 3004 res
213 2913 348 3002 diablioas
374 2942 489 3001 formae
510 2942 664 3002 Romanae
690 2959 794 3002 omnes
821 2941 996 3001 distributas
1022 2941 1117 3000 fuisse
1143 2942 1293 3014 curiatim3
1324 2961 1360 2999 ea
1388 2943 1466 3001 enim

132 3041 284 3105 ordinatio
312 3055 342 3104 et
366 3045 397 3104 in
424 3044 485 3104 illle
511 3045 683 3104 introducta
708 3054 755 3103 est
781 3051 812 3103 et
838 3043 909 3102 alibi
937 3043 1049 3120 passim
1071 3044 1257 3116 observatur,
1284 3044 1414 3103 maxime
1435 3046 1467 3103 in

133 3148 241 3207 Africa
266 3153 309 3221 (v.
331 3146 507 3223 Marquardt
528 3146 802 3223 sraauverwalanq
828 3148 855 3217 1,
875 3145 959 3222 467).
1002 3145 1067 3206 Iam
1095 3165 1165 3205 vero
1192 3164 1258 3204 cum
1286 3146 1389 3224 negari
1415 3166 1467 3205 ne·

132 3258 229 3326 queat
249 3249 395 3308 coloniam
418 3250 495 3308 banc
521 3268 540 3307 a
559 3247 690 3309 Caesare
711 3249 856 3309 dictatore
878 3267 943 3308 eum
966 3268 1033 3308 eam
1055 3248 1213 3307 deduceret
1233 3247 1366 3307 tributim
1388 3250 1467 3308 ordi·

132 3360 238 3412 natam
259 3369 335 3423 ease,
358 3352 558 3428 accedantque
579 3351 659 3410 tituli
681 3351 817 3411 coloniae
832 3353 989 3428 Augustae
1002 3350 1141 3428 Lilybaei
1158 3370 1223 3409 eam
1238 3370 1300 3408 rem
1315 3351 1466 3430 publicam

132 3454 291 3513 duodecim
313 3453 443 3512 tribuum
464 3453 558 3513 fuisse
579 3454 767 3513 declarantes
778 3453 822 3530 ¹),
844 3453 925 3511 hand
947 3455 1008 3513 seio
1031 3472 1070 3513 an
1090 3452 1216 3512 Latinae
1237 3453 1353 3512 formae
1378 3454 1466 3513 rebus

132 3556 265 3636 publicis
291 3565 320 3614 et
346 3564 505 3634 propterea
531 3557 701 3632 municipiIs
730 3564 790 3615 tam
818 3557 958 3638 proprIaq
984 3555 1096 3615 suerint
1124 3557 1224 3614 curiae
1252 3575 1342 3632 quam
1371 3556 1467 3616 tribus

134 3658 244 3717 civium
262 3659 465 3717 Romanorum
487 3659 612 3718 coloniis
633 3657 672 3717 ad
693 3657 789 3734 Ipsius
810 3658 925 3717 Romae
946 3657 1106 3735 imaginem
1128 3659 1291 3734 expressis.
1323 3655 1393 3717 Nou
1415 3659 1466 3717 ob-

132 3769 213 3831 stat,
238 3761 317 3836 quod
342 3761 373 3819 in
400 3760 520 3839 oppidis
541 3761 691 3820 Africanis
717 3768 776 3819 tam
804 3761 973 3837 municipiis
999 3779 1089 3836 quam
1112 3761 1237 3820 coloniis
1260 3760 1344 3820 solae
1365 3761 1467 3819 curiae

132 3862 343 3934 inveniuntur3
369 3883 437 3922 nam
460 3882 497 3923 ea
519 3872 625 3934 aetate,
648 3881 708 3940 qua
729 3863 867 3921 instituta
888 3862 1026 3920 Romana
1047 3863 1077 3922 in
1101 3862 1233 3922 Africam
1255 3863 1466 3941 migraverunt,

132 3965 273 4048 coloniae
294 3965 508 4042 munIcipinue
526 3966 724 4043 proprietatos
738 3985 792 4043 per
806 3965 1087 4024 contaminationem
1102 3965 1216 4024 formae
1237 3965 1392 4041 utriusque
1406 3965 1466 4023 iam

134 4077 192 4126 aut
218 4077 402 4126 evanuerant
426 4077 478 4126 aut
499 4069 727 4128 evanescebant.
771 4066 911 4127 Ceterum
934 4069 1031 4156 curias
1053 4067 1208 4144 tribusque
1230 4068 1349 4126 nomine
1370 4068 1466 4156 magis

135 4189 277 4268 (pram
251 4189 284 4250 re
303 4169 422 4270 differre
444 4178 474 4229 et
495 4170 567 4229 alibi
589 4171 792 4230 demonstravi
813 4179 843 4228 et
863 4151 965 4230 notum
988 4180 1035 4230 est
1055 4170 1144 4230 hodie
1165 4151 1438 4247 pervulgatumque.

222 4245 338 4332 Incolae
364 4282 633 4336 commemorantur
658 4281 778 4349 quater,
807 4273 921 4332 scilieet
946 4273 998 4332 ubi
1023 4274 1122 4352 agitur
1148 4272 1218 4332 de
1210 4292 1274 4331 rure
1301 4273 1464 4332 testimonii
1489 4269 1596 4325 Incolae

133 4375 331 4434 denuntiandi
355 4373 383 4447 2,
400 4375 428 4447 6,
449 4384 480 4435 et
501 4375 552 4434 ubi
573 4376 671 4452 agitur
692 4375 729 4433 de
748 4376 914 4435 munitione
929 4384 958 4434 et
973 4375 1009 4434 de
1024 4375 1200 4434 defensioue
1214 4375 1349 4435 coloniae
1371 4376 1400 4447 3,
1416 4375 1464 4435 33.

218 4661 241 4724 ¹)
268 4664 369 4713 Inventi
394 4663 429 4712 ibi
454 4669 513 4714 sunt
536 4664 603 4713 tituli
628 4663 679 4713 duo
699 4663 890 4724 (Torremuzza
909 4661 969 4711 618
989 4663 1044 4711 6.8
1066 4659 1112 4724 [=
1127 4661 1209 4713 Orelli
1223 4660 1315 4725 3718].
1336 4659 1378 4723 9),
1403 4676 1467 4727 quos

137 4755 289 4823 proconsuli
303 4757 409 4809 Siciliae
428 4757 529 4806 cuidam
548 4757 653 4821 illioque
672 4757 726 4805 eius
745 4761 886 4821 posuerunt
900 4750 961 4804 XII
978 4751 1078 4816 trib(us)
1097 4755 1236 4819 tertiusque
1256 4769 1331 4818 quem
1351 4755 1396 4803 alii
1416 4755 1468 4804 cui-

134 4852 200 4900 dam
225 4849 340 4899 fecerunt
364 4846 468 4898 tribuler
487 4845 546 4898 trib.
565 4847 636 4898 Iovis
655 4848 721 4914 Any.
743 4848 879 4900 Coloniam
898 4847 1050 4911 Lilybaeum
1069 4847 1204 4896 deductam
1224 4861 1279 4896 erse
1296 4846 1329 4895 ab
1349 4847 1468 4911 Augusto

134 4943 326 4992 demonstravit
343 4943 480 4992 Hennenus
500 4941 569 5002 (ann.
589 4942 648 4990 inat.
672 4942 740 4990 1857
760 4957 785 5005 p.
803 4939 880 5002 115);
900 4955 977 4988 unum
997 4939 1064 4988 eddo
1083 4939 1111 4988 in
1131 4940 1204 4988 titulo
1224 4945 1343 5003 corrupto
1362 4938 1466 4990 Reines.

135 5037 164 5097 3,
180 5036 225 5095 18,
245 5034 314 5083 unde
333 5034 438 5099 quidam
458 5034 560 5084 efficere
579 5034 717 5083 uoluerunt
736 5033 853 5083 coloniae
873 5032 928 5081 eius
947 5047 1090 5096 cognomen
1108 5031 1161 5080 siae
1174 5031 1282 5080 Helviae
1298 5031 1351 5080 sive
1365 5031 1466 5092 Aeliae,

134 5131 166 5178 in
184 5143 217 5177 eo
237 5127 306 5192 quod
325 5126 436 5176 traditur
449 5141 465 5176 a
477 5127 601 5192 primario
615 5133 718 5176 auctore
733 5125 857 5176 Gualtero
876 5127 946 5171 RES?
962 5126 1091 5172 conlati
1105 5127 1167 5171 Ανῦ
1182 5127 1294 5171 1111611
1306 5123 1385 5176 latere
1398 5125 1467 5171 cot·

1 5244 2 5249 ¹
29 5229 42 5270 ’1
135 5231 464 5277 stivave-uttam.
