3510 5820
309 496 356 566 28
899 504 1049 566 nassas

208 743 212 748 .
306 692 387 750 mina
412 708 471 749 uon
497 674 618 768 proprie
640 687 768 748 Latinae
790 688 927 747 videntur
952 688 1046 748 fuisse
1074 688 1198 765 originis
1219 689 1282 759 rel,
1309 697 1343 746 ut
1368 688 1537 746 accuratius
1559 687 1640 747 dica·

305 811 386 865 mus,
414 791 653 864 consuetudinis3
680 791 924 867 frequentissima
950 793 1029 850 enim
1057 809 1125 852 esse
1151 793 1181 850 in
1209 793 1299 850 certis
1325 790 1505 867 quibusdam
1530 791 1639 849 Italiae

304 895 420 955 mediae
442 894 585 972 partibus,
607 894 639 952 in
655 893 766 952 Piceno
787 893 976 971 potissimum
999 893 1101 970 (cuius
1129 913 1238 953 nomeu
1259 894 1359 970 ipsum
1377 893 1514 953 similiter
1527 893 1639 952 ferma-

304 1006 365 1056 tnm
388 996 452 1073 est)
479 997 711 1073 regionibusque
732 995 840 1058 vicinis
863 996 1035 1054 observavit
1054 996 1308 1072 Mommsenus1).
1353 995 1490 1054 indicare
1512 1013 1639 1072 possum

305 1099 370 1159 eius
392 1099 506 1157 formae
528 1099 650 1158 nomina
672 1097 800 1156 ducenta
821 1098 889 1175 plus
912 1098 1025 1170 minus,
1052 1098 1213 1157 maximam
1236 1105 1351 1176 partem
1373 1119 1411 1156 ex
1432 1097 1640 1176 inscriptioni·

304 1203 361 1261 bus
382 1201 539 1280 regionum
561 1219 665 1260 esrum
686 1219 762 1278 quas
784 1200 858 1259 dixi.
1094 1269 1101 1278 ι

389 1301 479 1363 Certa
500 1301 642 1362 Latinum
670 1312 715 1362 est
742 1303 883 1362 suffixum
911 1311 964 1373 an,
991 1302 1073 1378 quod
1099 1304 1243 1381 componi
1260 1304 1338 1362 solet
1359 1313 1419 1362 tam
1442 1323 1508 1362 cum
1531 1304 1640 1363 radici·

305 1408 361 1466 bus
388 1426 404 1464 e
431 1406 539 1483 quibus
561 1405 707 1464 vocabula
733 1405 764 1462 in
786 1424 805 1463 a
827 1404 890 1464 sive
912 1405 1027 1482 primae
1049 1404 1260 1465 declinationis
1281 1395 1409 1466 formata
1431 1415 1516 1478 sunt,
1545 1420 1579 1467 ut
1599 1407 1638 1465 ab

307 1507 405 1568 insula
431 1508 521 1578 fiebat
546 1509 711 1580 insulanus,
739 1509 896 1568 adecuma
919 1491 1104 1581 decumanus,
1133 1525 1222 1584 quam
1249 1527 1315 1568 cum
1340 1505 1493 1576 radicibirs
1515 1509 1545 1568 in
1568 1528 1640 1568 con·

306 1620 447 1671 sonantes
470 1611 643 1669 terminatas
666 1620 719 1669 aut
739 1610 770 1668 in
793 1610 992 1678 seecundum
1014 1611 1130 1669 tertiam
1153 1611 1336 1687 alteramque
1358 1610 1583 1684 declinationes,
1605 1621 1641 1672 ut

305 1718 420 1790 assata
435 1715 587 1787 fontanus,
610 1714 647 1771 ab
670 1715 776 1790 oppido
799 1714 972 1790 oppidanus,
994 1731 1013 1769 a
1028 1713 1143 1772 castello
1159 1713 1333 1772 castellanus
1355 1697 1434 1772 facta
1449 1726 1527 1774 sunt.
1562 1715 1639 1774 Fre-

304 1817 535 1893 quentissimnm
562 1822 609 1874 est
635 1813 666 1872 in
692 1814 848 1874 allectivis
876 1833 952 1891 qnae
976 1815 1106 1874 breviter
1132 1815 1258 1877 dicimus
1284 1816 1426 1889 ethnicis,
1453 1817 1505 1875 sed
1531 1817 1639 1878 eadem

304 1927 393 1996 atque
414 1919 445 1984 iu
466 1917 592 1995 reliquis
614 1917 719 1976 formis
741 1917 878 1975 libertate
900 1923 1090 1995 usurpatum3
1112 1937 1181 1976 nam
1203 1927 1236 1977 ut
1257 1937 1276 1978 a
1296 1919 1389 1978 Roma
1409 1920 1574 1994 Romanas,
1596 1921 1640 1980 ita

304 2040 324 2080 a
344 2020 466 2080 Tusculo
492 2019 670 2079 Montanus
694 2020 855 2079 derivatur.
899 2019 970 2078 Non
996 2019 1137 2097 frequens
1164 2031 1210 2080 est
1235 2022 1266 2080 in
1290 2021 1413 2081 vetustis
1440 2022 1563 2082 deornm
1585 2041 1638 2082 no-

305 2123 445 2196 minibus,
467 2122 560 2181 veluti
581 2123 613 2181 in
628 2121 729 2180 Diana
745 2121 862 2198 [Ianus]
878 2122 1016 2182 Siluanus
1031 2122 1203 2184 Summanus
1220 2122 1370 2196 Volcanus,
1391 2125 1461 2183 item
1484 2126 1516 2184 in
1535 2144 1640 2184 recen-

303 2227 430 2286 tioribus
458 2224 749 2302 indigitamentorum
775 2225 825 2301 qui
852 2224 989 2284 dicuntur
1012 2227 1192 2286 Aesculanas
1216 2226 1342 2308 lbtanas
1367 2227 1524 2304 Vaqitanus
1546 2228 1638 2286 stas-

304 2341 390 2389 stana
411 2327 583 2400 Patellana3
611 2328 811 2404 frequentius,
838 2336 871 2386 ut
895 2329 1115 2406 expectaveris,
1142 2330 1173 2387 in
1194 2329 1326 2388 locorum
1349 2330 1532 2404 nominibus,
1559 2349 1639 2407 quae

303 2451 363 2490 non
390 2451 458 2490 raro
486 2429 648 2490 secundum
676 2430 891 2489 adiectirorum
919 2431 1088 2510 analogiam
1113 2433 1288 2505 formantur,
1315 2433 1407 2490 veluti
1428 2441 1499 2490 sunt
1523 2430 1640 2492 Cluana

305 2536 417 2594 Ficana
444 2533 570 2592 Novana
598 2533 736 2590 Numana
770 2533 903 2605 Urbana,
935 2533 1093 2592 Aeclanum
1121 2533 1276 2592 Anxanum
1302 2534 1467 2592 Bovianum
1495 2536 1638 2594 lunanum

303 2635 459 2695 Pallanum
481 2635 604 2694 Teanum
623 2635 791 2710 Tegianum
815 2635 959 2695 accedunt
980 2645 1097 2694 montes
1121 2635 1275 2713 Garganus
1296 2637 1464 2708 Vaticanus,
1485 2638 1639 2697 Pantanus

303 2737 402 2812 lacus,
428 2737 539 2796 flumen
561 2737 725 2796 Vnnraaurn.
769 2736 925 2796 Pertinent
948 2739 1008 2797 huc
1029 2739 1118 2797 etiarn
1141 2739 1267 2799 Sacrani
1288 2758 1326 2797 ex
1349 2739 1544 2798 Reatinorum
1567 2759 1639 2798 vere

304 2858 390 2899 sacro
412 2841 472 2898 orti
492 2848 568 2898 teste
590 2838 689 2898 Paulo
711 2839 797 2898 Festi
819 2860 847 2916 p.
865 2839 935 2912 321,
958 2858 1084 2917 quorum
1107 2860 1216 2900 nornen
1239 2841 1277 2899 ad
1300 2841 1526 2901 similitudinem
1551 2841 1638 2902 Carn-

299 2961 399 3019 pnnas
422 2941 560 3001 Lucanus
582 2942 735 3000 nominum
758 2942 917 3001 formatum
939 2959 1007 3002 esse
1028 2951 1119 3021 patet.
1162 2949 1164 2951 ’

386 3045 447 3103 Per
469 3054 508 3102 an
534 3043 682 3103 suffixum
704 3046 895 3104 coniunctum
923 3064 990 3104 cum
1016 3051 1061 3105 ius
1089 3045 1309 3124 gentilitiorum
1337 3047 1476 3106 sollemni
1499 3049 1638 3108 similiter

304 3157 392 3225 atque
414 3165 468 3224 per
490 3157 542 3217 on,
564 3157 613 3218 tn,
634 3157 665 3204 tn
692 3154 722 3206 et
743 3147 875 3206 fortasse
900 3149 989 3207 etiam
1011 3167 1064 3224 per
1084 3158 1124 3207 an
1144 3149 1268 3207 nomina
1288 3150 1440 3226 gentilicia
1461 3151 1556 3210 multa
1577 3151 1637 3211 t'or·

302 3259 384 3310 mata
405 3258 475 3307 sunt
496 3249 527 3307 in
549 3252 634 3308 anius
657 3254 740 3308 onius
762 3253 841 3309 aniius
864 3254 939 3309 inias
954 3248 995 3327 ²),
1019 3250 1110 3310 veluti
1129 3250 1275 3327 Geganius
1290 3251 1474 3328 Sempronius
1489 3254 1637 3313 Ducentur

310 3353 455 3422 Vatinius,
479 3369 547 3410 rara
573 3351 603 3410 iu
632 3355 732 3424 unius,
761 3353 843 3412 velut
865 3351 1008 3428 Seponias
1032 3352 1195 3429 Sepannius
1217 3362 1247 3413 et
1269 3353 1380 3412 similia
1400 3354 1556 3431 quaedam.
1600 3356 1636 3414 In

305 3454 518 3514 adieetivorum
540 3471 660 3530 quoque
681 3454 859 3514 formatione
881 3466 919 3514 an
935 3466 972 3513 nn
986 3465 1020 3514 en
1034 3467 1065 3514 tn
1087 3455 1197 3514 suffixa
1218 3456 1292 3515 satis
1314 3455 1482 3533 frequentia
1496 3466 1576 3530 sunt,
1597 3467 1637 3516 rin

302 3577 419 3629 rarum,
447 3563 480 3615 ut
505 3555 536 3614 in
558 3561 735 3633 importunas
758 3568 927 3634 oportunum
955 3576 1024 3616 rara
1045 3559 1134 3616 etiam
1154 3558 1277 3617 deorum
1298 3559 1421 3618 nomina
1441 3578 1495 3636 per
1514 3569 1554 3617 aa
1575 3560 1637 3619 sul·

302 3663 397 3720 lixum
418 3659 558 3730 formata,
581 3659 673 3717 veluti
688 3659 839 3736 Neptunus
862 3659 1007 3720 Portunus
1023 3657 1162 3719 Mutinae
1181 3661 1306 3720 tatanus
1331 3662 1448 3721 Vactna
1471 3661 1584 3722 Vesana
1606 3672 1636 3721 et

304 3751 484 3825 Sabinorum
500 3760 650 3833 Albinam
671 3781 740 3820 nam
763 3763 794 3820 in
815 3763 948 3822 Fortuna
970 3762 1167 3840 antiquiorem
1188 3763 1317 3822 Fortuna
1337 3763 1461 3824 sormam
1483 3767 1635 3838 norimus,

304 3865 432 3926 similem
455 3864 625 3922 nominibus
647 3863 818 3942 Anperonae
844 3865 975 3925 Orbonae
996 3865 1148 3923 Pomonae.
1192 3867 1227 3924 In
1249 3867 1383 3926 locorum
1404 3867 1574 3927 nominibus
1595 3888 1635 3926 un

302 3968 420 4028 videtur
434 3965 558 4039 deesse;
580 3984 649 4025 nam
664 3967 808 4026 Belunum
824 3967 944 4027 Cumani
961 3967 1097 4027 Virunum
1112 3967 1241 4028 barbara
1255 3976 1333 4027 sunt.
1371 3967 1537 4029 Commune
1559 3970 1633 4029 illud

301 4070 413 4130 habent
433 4069 554 4128 uomina
575 4069 607 4127 in
628 4072 713 4128 anius
736 4073 818 4128 onias
841 4073 920 4129 anius
945 4073 1020 4128 inias
1043 4068 1118 4146 (non
1140 4072 1171 4129 in
1192 4069 1307 4146 unias),
1329 4072 1410 4148 qaod
1431 4091 1581 4150 nusquam
1602 4073 1634 4131 in

302 4174 340 4232 iis
366 4192 386 4230 n
406 4171 506 4230 littera
532 4171 682 4248 geminata
708 4179 763 4230 est.
806 4172 887 4233 Nam
913 4190 990 4249 quae
1015 4180 1120 4231 extant
1139 4172 1171 4232 in
1193 4177 1291 4233 ennius
1313 4174 1435 4233 uomina
1455 4193 1515 4233 non
1536 4194 1635 4252 pauca
1708 4243 1709 4250 ἵ

302 4274 409 4351 (veluti
429 4273 593 4332 Herennius
614 4274 800 4351 Pescennios)
823 4282 853 4333 et
873 4276 904 4334 in
927 4278 1021 4333 innius
1042 4293 1193 4352 perpauca
1215 4275 1322 4352 (veluti
1340 4274 1509 4352 Avianius),
1531 4296 1568 4335 ea
1590 4277 1633 4336 di·

302 4394 406 4436 versae
428 4375 553 4455 originis
574 4377 708 4454 putanda
729 4385 799 4436 sunt
819 4387 849 4437 et
869 4376 998 4436 fortasse
1021 4379 1227 4455 componenda
1247 4397 1313 4437 cum
1331 4378 1496 4437 terminatis
1512 4377 1545 4437 in
1559 4399 1634 4438 enna

302 4488 332 4538 et
353 4483 436 4549 inna3
459 4479 489 4538 in
512 4485 615 4538 annius
637 4489 736 4539 autem
760 4490 789 4538 et
810 4484 912 4539 annius
933 4479 1061 4539 formata
1081 4481 1164 4540 nulla
1176 4467 1306 4539 luerunt.
1342 4480 1449 4556 Itaque
1467 4481 1634 4541 Turannius

303 4603 356 4662 pro
382 4585 543 4642 Turranius
570 4591 600 4642 et
619 4581 780 4641 Verennius
804 4602 859 4661 pro
882 4583 1023 4643 Veranius
1047 4583 1175 4655 formae,
1201 4601 1277 4659 quas
1299 4583 1429 4642 editores
1452 4583 1633 4661 scriptorum

303 4698 435 4747 veterum
457 4685 554 4744 adhuc
575 4685 705 4744 tolerare
726 4684 834 4758 solent,
857 4686 977 4745 omnino
999 4685 1196 4745 removendae
1219 4693 1297 4745 sunt.
1336 4685 1497 4745 Verannius
1518 4685 1634 4746 formae

379 4937 404 5002 1)
430 4940 462 4990 Ιιι
480 4938 547 4988 libro
569 4938 601 4988 de
620 4937 736 4988 dialectis
755 4938 847 4988 Italiae
865 4937 995 4988 inferioris
1013 4954 1039 5003 p.
1054 4937 1106 4988 362
1127 4937 1186 4988 adu.
1202 4939 1231 4998 ὃς
1257 4937 1289 4988 ei.
1309 4952 1375 5003 quae
1394 4938 1531 4988 Hennaeus
1550 4939 1632 4988 aduo-

303 5033 366 5084 tavit
385 5031 418 5081 sd
436 5030 572 5096 Borghesii
591 5045 672 5096 opera
692 5033 706 5079 1
727 5047 752 5096 p.
768 5031 820 5081 246
839 5037 865 5080 et
884 5031 901 5080 4
919 5046 945 5094 p.
960 5031 1022 5080 318.

378 5121 402 5186 ²)
430 5123 492 5176 Scio
511 5125 589 5174 etiam
607 5124 634 5174 iu
653 5123 722 5173 inias
740 5123 827 5184 luisse,
846 5129 875 5172 ut
891 5119 1015 5173 Cominius
1036 5120 1177 5173 Flaminius
1196 5120 1332 5173 Stertinius
1349 5119 1470 5184 Volsinii5
1494 5122 1540 5172 sed
1558 5123 1625 5173 hanc

301 5217 440 5282 prosodiae
458 5215 629 5288 differentiam
648 5232 716 5268 nunc
735 5231 788 5267 uon
806 5231 876 5267 curo.
