3540 5828
315 441 389 514 208
719 459 804 512 von.
831 460 846 510 1
871 459 1230 522 Anurewssnusnvn.
1284 513 1286 524 .
1521 463 1645 512 aes-aee

314 636 365 695 De
387 634 480 695 multa
494 643 594 694 autem
615 653 693 713 quae
707 635 847 712 leguntur
861 635 892 692 in
914 634 1000 693 titulo
1015 633 1171 706 Lucerino,
1194 653 1230 692 es
1244 633 1281 692 ad
1298 634 1421 693 verbum
1441 633 1504 693 fere
1518 636 1651 694 redeunt

314 738 345 796 in
366 737 433 816 iege
455 737 600 796 Bantius:
629 742 671 796 sei
691 741 756 814 quia
777 757 851 816 maq.
874 738 991 796 maltum
1011 742 1144 812 iprcpare
1164 735 1260 794 calet.
1277 763 1284 793 .·
1301 778 1333 794 ..
1358 736 1453 808 liceto,
1476 743 1506 794 et
1521 738 1648 794 omnino

315 840 474 900 sollemnia
495 840 569 898 haec
591 840 713 899 fuerunt
734 847 764 898 et
789 839 1007 915 quodammodo
1030 838 1186 898 tralaticia.
1222 871 1263 881 —
1316 837 1364 897 De
1389 837 1499 919 iudicio
1524 839 1649 915 privato

315 961 392 1018 quae
421 951 564 1001 caventur
596 951 629 1000 ut
657 944 759 1018 magni
786 943 927 1002 momenti
950 949 1021 1000 sunt
1042 948 1164 1020 propter
1191 940 1317 1000 actionis
1341 951 1477 1000 naturam
1506 949 1651 1000 accurate

316 1045 556 1120 determinatam,
586 1045 629 1102 ita
656 1064 718 1104 rem
745 1045 832 1104 facile
859 1044 1049 1121 assequimur
1074 1043 1185 1102 collata
1210 1042 1340 1101 formula
1360 1043 1517 1103 notissima
1538 1063 1652 1104 manas

316 1146 486 1206 iniectionis
509 1147 655 1207 adversus
677 1147 837 1206 iudicatum
860 1147 955 1206 relata
968 1165 1007 1205 ex
1021 1145 1086 1204 XII
1107 1145 1276 1204 tabularum
1298 1145 1543 1223 interpretatione
1567 1146 1653 1223 apud

318 1246 428 1308 Gaium
451 1249 481 1319 4,
496 1249 550 1306 21:
578 1251 655 1326 quod
676 1259 706 1308 tu
727 1251 796 1308 miii
824 1251 968 1308 iudicatus
996 1252 1056 1307 sive
1082 1250 1233 1306 damnatus
1260 1265 1289 1306 ea
1317 1253 1475 1308 sestertium
1501 1247 1537 1306 X
1556 1248 1653 1320 mitia,

298 1352 432 1428 *quanda
459 1350 536 1428 [cai]
565 1353 763 1424 consuluisti,
785 1352 819 1410 ob
842 1369 978 1410 eamrem
1006 1371 1056 1428 epo
1083 1351 1134 1408 tibi
1154 1354 1309 1409 sestertium
1336 1349 1372 1407 X
1392 1351 1501 1409 milium
1526 1351 1657 1410 iudicati

318 1471 420 1512 manas
441 1455 537 1512 inicio.
580 1453 617 1513 ln
638 1455 725 1513 titulo
746 1473 800 1512 cur
822 1456 862 1512 sit
883 1473 942 1512 non
964 1455 1095 1524 iudicati,
1124 1452 1177 1512 sed
1196 1470 1252 1529 pro
1274 1453 1413 1526 iudicato,
1442 1452 1520 1511 idem
1544 1461 1657 1511 auctor

320 1555 421 1615 statim
443 1555 589 1632 explicat:
609 1567 711 1632 postea
732 1559 873 1633 quaedam
889 1557 962 1632 lopas
985 1576 1018 1614 ea
1041 1556 1110 1613 aliis
1129 1553 1299 1630 quibusdum
1314 1558 1409 1612 causis
1429 1548 1491 1631 ‘pro
1512 1549 1656 1614 iudicato'
1720 1557 1724 1566 ‘

312 1655 419 1716 ‘macas
434 1659 608 1719 iniectionem
627 1663 657 1717 ta
679 1662 818 1736 quosdam
840 1660 983 1717 dederunt.
1013 1655 1106 1716 Cuius
1129 1675 1183 1732 pro
1204 1655 1336 1715 iudicato
1359 1675 1464 1715 manus
1480 1656 1659 1716 iniectionis

320 1759 466 1837 exemplis
489 1779 508 1818 a
532 1758 610 1820 Gaio
637 1761 746 1821 adlatis
773 1762 830 1820 hoc
856 1761 916 1819 iam
943 1760 1095 1819 addemus.
1139 1757 1217 1817 Nam
1245 1776 1342 1834 poena
1368 1759 1441 1816 haec
1467 1776 1658 1836 quamquam

320 1880 359 1920 ex
384 1861 535 1923 Luceriuo
561 1863 625 1924 iure
647 1863 789 1935 innotuit,
816 1874 880 1924 tuto
909 1863 946 1922 ad
969 1862 1129 1937 Quiritium
1152 1879 1272 1937 quoque
1293 1862 1499 1920 transferetur.

406 2409 478 2470 299
517 2410 562 2471 Oa
584 2412 629 2472 tire
651 2413 693 2491 lip
714 2416 749 2488 os
764 2433 784 2472 a
813 2414 913 2480 brenac
933 2431 1009 2471 uase.
1053 2409 1217 2470 Vasculum
1246 2427 1306 2487 quo
1335 2411 1402 2469 loco
1431 2418 1587 2486 repertum
1611 2411 1664 2484 sit,

322 2511 492 2590 ignoratum
515 2516 587 2574 emit
607 2516 639 2575 id
661 2507 795 2576 museum
817 2515 1023 2574 Britannicum
1045 2533 1141 2592 nuper
1161 2512 1276 2572 Romae
1298 2531 1317 2570 a
1339 2510 1532 2572 Castellauio.

576 4349 622 4405 Q·
637 4347 732 4390 batuto
755 4346 802 4402 Q·
818 4345 852 4387 F·
876 4342 1077 4387 antemos·
1094 4341 1322 4386 ΡΚΟΤΚΕΒΙΒΟδ·
1340 4342 1421 4386 secut

418 4528 502 4588 Misit
529 4537 560 4586 et
585 4527 689 4586 charta
710 4541 885 4603 expressam
912 4531 942 4582 et
963 4529 1100 4582 accurate
1121 4521 1300 4598 descriptam
1324 4521 1363 4578 A.
1386 4517 1418 4581 S.
1440 4521 1567 4600 Murray
1589 4523 1678 4586 Lon·

338 4631 493 4691 diniensis.

419 4732 565 4792 Faciendi
592 4730 771 4792 vocabulum
803 4747 870 4790 cum
902 4730 933 4788 iu
960 4727 1054 4786 titulis
1087 4729 1196 4786 votivis
1233 4727 1287 4785 vix
1311 4724 1415 4792 locum
1438 4726 1558 4800 habeat,
1590 4729 1676 4790 hunc

337 4827 432 4914 magis
448 4835 537 4895 credo
551 4834 702 4912 publicum
718 4849 796 4906 esse,
818 4840 851 4892 ut
867 4833 929 4896 ¹hoc
951 4831 1134 4910 significetur
1155 4829 1362 4907 magistratum
1385 4828 1540 4887 vasculum
1563 4817 1689 4892 fecisse*

336 4939 544 4999 faciendumve
558 4954 682 4997 curasse
697 4935 799 5014 populi
815 4935 947 5006 nomine;
969 4942 1002 4990 ut
1019 4952 1076 5010 pro
1094 4932 1232 5010 po[plod]
1255 4939 1302 4990 est
1322 4933 1354 4989 in
1376 4931 1463 4991 titulo
1491 4949 1577 4990 sacro
1601 4933 1675 4993 item

339 5041 551 5118 antiquissimo
573 5041 632 5098 vol.
655 5039 720 5098 In.
748 5035 815 5096 188.
858 5034 938 5096 Nam
958 5035 1149 5112 procreatos
1169 5033 1250 5110 quod
1272 5041 1327 5106 est,
1349 5033 1380 5090 id
1402 5040 1449 5092 est
1465 5051 1522 5109 pro
1543 5033 1684 5096 tabutas

341 5142 390 5220 (ut
421 5144 512 5201 tribus
543 5141 651 5202 Latine
677 5139 800 5203 Umbris
834 5147 881 5198 est
905 5138 994 5198 modo
1022 5141 1137 5217 aisa,
1170 5135 1258 5196 modo
1288 5135 1419 5214 ere-sa),
1446 5135 1552 5196 eodem
1578 5137 1675 5211 redit3
