3510 5820
588 489 739 540 orarum
757 489 951 542 sasamon.
1414 469 1435 540 9

108 666 182 738 cari,
203 664 297 723 filiam
318 664 348 722 in
371 662 475 722 matris
497 681 584 722 sacra
605 663 751 723 adscitam
773 663 875 723 fuisse.
909 663 949 722 Et
962 662 1020 722 fuit
1036 680 1115 722 vero.
1147 661 1290 740 Legimus
1305 661 1336 720 iu
1351 663 1438 722 titulo

109 765 145 828 C.
168 767 193 825 l.
216 765 311 826 2183:
338 761 419 826 &aas
446 758 612 832 tellemar
632 758 761 824 Alsiu'doe
785 753 956 850 sapuerbe'pu
977 757 1190 849 Ἀγριππεῖνας,
1216 766 1268 824 ubi
1293 784 1359 824 eum
1385 767 1442 824 virt¹

108 871 243 946 reperias
264 886 324 946 qno
345 887 446 928 errore
467 860 629 932 Σεβαπιῖς
649 868 826 928 vocabulum
848 869 1012 945 irrepserit,
1035 868 1099 926 sine
1120 867 1210 927 dubio
1226 866 1356 941 Claudii,
1378 886 1439 926 non

112 971 285 1032 Germanioi
307 989 384 1030 uxor
405 970 522 1030 dieitur.
559 969 675 1030 Tamen
697 971 837 1049 quoniam
852 970 1036 1047 Mytilenaei,
1059 960 1122 1026 νέαν
1142 963 1221 1027 θεὰν
1241 970 1438 1030 inscribentes

111 1075 321 1152 Agrippinam,
343 1073 443 1151 ipsum
466 1092 575 1132 nomen
596 1080 762 1146 tacuerunt,
785 1073 920 1151 sequitur
941 1091 976 1132 eo
992 1073 1097 1132 saltem
1112 1079 1245 1151 tempore
1260 1090 1320 1150 quo
1334 1072 1440 1132 titulus

110 1177 279 1253 insculptus
301 1185 356 1249 est,
378 1175 509 1235 nondum
532 1173 650 1235 Cereris
673 1194 868 1242 nomeneam
889 1175 1050 1253 accepisse.

196 1276 466 1356 Gymnasiarchiae
487 1297 596 1337 munus
617 1279 647 1336 in
662 1278 861 1356 Agrippinam
883 1295 943 1337 non
965 1278 1105 1337 collatum
1127 1287 1216 1352 esset,
1237 1279 1296 1336 nisi
1316 1278 1439 1355 liturgia

110 1381 212 1458 potius
232 1382 427 1458 magistratus
447 1379 563 1452 fuisset,
585 1380 617 1439 id
639 1380 717 1457 quod
739 1381 820 1459 apud
835 1380 1034 1440 Athenienses
1055 1381 1098 1438 ita
1118 1379 1212 1440 fuisse
1230 1381 1327 1440 verius
1349 1399 1439 1456 quem

110 1483 278 1561 elegantius
306 1483 521 1542 demonstravit
547 1481 710 1542 Neubnner
739 1481 905 1542 Comment
934 1483 1027 1561 epigr.
1055 1501 1082 1558 p.
1100 1483 1205 1560 33sq.,
1232 1482 1268 1541 cf.
1296 1482 1375 1542 infra
1400 1481 1439 1541 ad

110 1607 140 1646 n.
157 1586 231 1645 XX.

108 1857 169 1916 III.
211 1856 249 1916 In
271 1858 338 1917 basi
359 1874 526 1918 marmorea
546 1856 619 1915 Pau.
656 1854 728 1917 Sine
749 1855 888 1916 lemmate
908 1855 986 1916 Vall.
1022 1855 1150 1934 Reliqua
1171 1875 1198 1916 v.
1219 1856 1298 1934 apud
1313 1856 1440 1916 Momm·

152 1978 268 2020 senum.

543 2060 633 2121 Cives
654 2061 783 2121 Romani
804 2063 856 2139 qui

541 2165 713 2242 Mytileneis
736 2164 953 2243 nego[t]iantur

450 2251 1008 2346 'mmmmm

542 2369 635 2446 praef.
657 2369 764 2428 elassis
788 2389 851 2430 eos.
1085 2388 1139 2428 uos.
1163 2390 1191 2429 a.
1207 2389 1230 2430 e.
1247 2369 1309 2430 723

542 2472 634 2548 desig.
655 2479 784 2548 patrono

583 2572 707 2632 honoris
729 2593 821 2634 eausa

109 2768 170 2828 Ed.
193 2769 362 2828 Mommsen
385 2765 420 2826 (l.
435 2765 509 2826 1.1..
532 2766 677 2841 111,450.

107 3059 165 3119 IV.
209 3059 245 3116 In
271 3058 411 3118 columna
435 3074 602 3116 marmorea
622 3055 753 3117 Neronis
778 3058 961 3135 epigramma
982 3057 1055 3118 Pau.
1097 3057 1148 3116 Ad
1169 3076 1366 3118 marmoream
1388 3077 1437 3118 eo·

150 3162 286 3220 lumnam
316 3161 349 3218 in
376 3157 528 3219 Neronem
555 3157 716 3219 Gaesarem
745 3161 929 3238 epigramma
954 3159 1031 3220 Van.
1086 3159 1231 3222 Boeokhii
1258 3161 1367 3236 lempra
1396 3156 1438 3218 ‘in

149 3258 275 3322 Aeolia’
296 3262 454 3322 Muratorii
475 3262 663 3341 neglegentia
684 3271 791 3321 ortum.

196 3451 246 3531 [Ὁ
272 3448 375 3531 δᾶμος]
404 3455 409 3532 Ι
432 3444 543 3538 Nipwva
561 3443 678 3512 Ἰούλιον
700 3454 705 3532 1
729 3445 862 3539 Kaio-reple
883 3449 975 3513 παῖδα
998 3450 1003 3534 Ι
1026 3444 1087 3514 Sia
1110 3444 1159 3513 viu
1181 3446 1347 3539 ΓερμαΙνῖκω
1370 3445 1438 3512 Kal-

195 3579 282 3640 rroepoc
303 3557 309 3635 Ι
331 3548 379 3614 καὶ
403 3546 480 3616 θέας
500 3547 638 3634 Alelrldos
658 3546 837 3640 καρποφὲΙρω
858 3549 1055 3641 Ἀγριππῖνας.

109 3745 301 3808 c.1.3528.
324 3781 362 3791 -
385 3747 455 3806 v.1
481 3744 494 3804 ὅ
523 3741 613 3818 δᾶμος
637 3747 705 3806 add.
733 3767 771 3806 ex
786 3748 895 3808 vallic.
939 3747 1068 3808 Formae
1088 3743 1165 3806 θεοῦ
1186 3739 1246 3806 re'ou
1268 3750 1440 3831 Γερμανικοῦ

108 3859 139 3909 et
160 3839 346 3934 καρποφόρας
365 3841 566 3934 ’apparatione
587 3867 657 3910 vere
678 3851 899 3910 Muratorianae
921 3859 998 3911 sunt.

194 3951 319 4012 Positus
340 3951 443 4010 titulus
466 3961 535 4029 poet
556 3971 583 4012 a.
601 3950 650 4024 20,
672 3970 732 4029 quo
754 3963 855 4032 togam
869 3952 986 4012 virilem
1006 3953 1133 4031 sumpsit
1146 3951 1229 4012 Nero
1243 3953 1348 4026 Iulius,
1370 3961 1439 4013 ante

109 4077 137 4114 a.
155 4056 206 4126 31,
229 4073 288 4132 qno
309 4063 445 4114 mortuus
468 4063 528 4128 est;
550 4056 587 4115 ef.
611 4054 684 4115 Tae.
707 4055 786 4115 Ann.
801 4056 852 4114 III
867 4057 916 4116 39.
938 4055 982 4114 1v
996 4057 1025 4115 4.
1063 4055 1224 4115 Parentum
1247 4074 1333 4116 saura
1355 4074 1381 4114 a
1400 4057 1437 4116 18

109 4157 193 4235 apud
207 4157 405 4234 Mytilenaeos
427 4167 534 4235 coepta
554 4175 620 4216 esse
641 4158 796 4235 probabile
819 4159 908 4230 dueo;
931 4165 1000 4218 tuno
1021 4159 1099 4218 enim
1116 4156 1315 4219 Germanicus
1337 4159 1367 4217 in
1384 4155 1439 4236 Sy·

109 4261 186 4318 riam
211 4259 401 4338 profecturus
424 4259 461 4318 ab
482 4259 607 4318 Euboea
627 4260 728 4319 insula
747 4256 887 4320 ‘Lesbum
909 4261 1052 4333 tramisit,
1080 4262 1130 4320 ubi
1151 4263 1321 4340 Agrippina
1341 4261 1439 4321 novis·

110 4362 189 4421 simo
215 4370 304 4439 partu
330 4361 440 4420 Iuliam
465 4357 578 4421 edidit‘.
600 4395 641 4405 -
669 4363 841 4442 Agrippina
865 4362 896 4420 in
924 4381 1032 4422 nomen
1060 4363 1294 4441 religionemque
1321 4362 1440 4424 Cereris

111 4465 184 4522 deae
206 4464 322 4522 adscita
341 4457 404 4520 &ed
426 4454 520 4524 Αἰολὶς
541 4454 720 4547 καρποφόρος
741 4465 912 4524 vocabatur.
950 4464 1021 4524 Non
1043 4466 1145 4543 exigui
1166 4466 1304 4525 ridentur
1319 4464 1439 4526 Cereris

110 4565 370 4642 Proserpinaeque
395 4567 474 4643 apud
496 4565 625 4625 Lesbios
652 4566 782 4626 honores
809 4567 918 4627 fuisse:
946 4567 975 4625 αἱ
1002 4559 1180 4652 καρποφόραι
1202 4558 1273 4626 &scel
1294 4567 1441 4628 latentia

15 4721 29 4753 ff
110 4669 198 4746 irgm.
215 4666 251 4727 C.
267 4669 292 4726 Ι.
309 4665 402 4741 2175,
424 4667 604 4746 eaedemque
625 4668 698 4728 deae
714 4668 877 4728 etiamalio
893 4671 1028 4748 quamvis
1044 4669 1171 4729 obscuro
1185 4671 1304 4729 nomine
1320 4679 1442 4730 utuntur

28 4833 30 4842 ,
112 4771 261 4847 mysteriis
284 4771 408 4830 sancito.
444 4768 524 4829 Nam
546 4789 601 4846 pro
623 4771 780 4846 explorato
800 4789 867 4830 esse
882 4781 992 4849 potest,
1013 4772 1132 4831 illarum
1148 4772 1331 4832 sacerdotem
1347 4773 1442 4833 fnisse

21 4936 25 4937 γ
111 4873 265 4932 mulierem
288 4891 366 4950 quae
388 4875 418 4932 in
441 4873 529 4933 titulo
551 4874 579 4932 b.
600 4874 668 4948 syll.
680 4873 743 4931 v11
765 4864 836 4957 ἱερέα
857 4875 910 4931 τᾶν
931 4869 1009 4932 θεᾶν
1027 4871 1186 4953 Ἐτηφιλᾶν
1207 4885 1340 4935 vocatur.
1377 4873 1440 4934 Da·

33 5019 37 5026 .
112 4975 180 5051 pler
205 4983 363 5052 praeterea
389 4975 462 5034 deae
482 4968 637 5050 Ἐτηφίλας
659 4975 804 5035 memoria
825 4985 945 5036 servata
967 4986 1013 5036 est
1031 4977 1062 5036 in
1084 4977 1171 5036 titulo
1194 4979 1275 5056 apud
1297 4977 1441 5038 Conrium

42 5137 46 5150 ,
113 5063 228 5136 Lesbos
257 5078 315 5136 tab.
333 5077 442 5150 XVII,
461 5079 492 5149 l,
511 5077 547 5135 12
570 5087 600 5137 et
620 5077 656 5138 C.
677 5077 702 5136 l.
724 5077 754 5135 Il
777 5078 854 5137 Add.
872 5077 990 5152 21921),
1017 5081 1125 5156 quibus
1147 5080 1222 5138 loeis
1245 5078 1338 5140 Ceres
1359 5089 1440 5140 certo

36 5158 38 5229 ἶ
114 5177 312 5257 intellegenda
338 5187 394 5240 est.
437 5180 574 5258 Denique
602 5181 690 5241 Eresi
719 5181 840 5242 invento
867 5180 1039 5262 anaglypho
1065 5181 1227 5264 inscriptus
1254 5189 1299 5245 est
1325 5183 1441 5246 dativus
